2910 5024
598 355 772 410 Rwemium.
1223 359 1247 410 V

114 529 193 594 sime
203 529 336 610 planior
357 532 411 606 est,
433 531 663 608 ceterarumque
684 531 748 592 tam
762 528 968 593 mutationum
983 548 1078 609 quom
1091 531 1248 626 corrupte·

114 615 223 680 tarum
245 614 417 700 sarracino
442 614 574 688 abiecta,
607 633 642 677 ea
672 618 794 680 tautum
824 615 1068 693 coinmemoravi‚
1102 633 1181 694 quae
1211 632 1247 677 m

112 702 283 786 archetypo
303 705 439 767 correcta
460 701 611 785 erant⁴⁶).

206 803 345 868 Οοάἱεεικ
389 800 717 887 Pommersfetdensem
765 803 908 867 comitum
950 802 1289 876 Sommomniommp

113 910 148 954 n.
164 892 251 953 2883
260 891 302 970 ⁴⁴¹)
328 889 537 954 Theudoricus
554 888 772 955 Gresmunelus
793 890 909 968 iunior,
932 890 1021 954 cuias
1041 889 1077 952 in
1098 889 1247 968 recipien-

114 976 167 1041 dis
182 975 366 1056 corruptelis
387 977 471 1039 mira
491 974 554 1056 fuit
567 976 767 1055 perversitas,
789 997 819 1040 a.
837 976 920 1038 1494
942 975 1028 1056 apud
1045 974 1247 1044 Tritbemium

115 1068 259 1127 versatus
280 1083 320 1126 ea
341 1081 365 1126 s.
389 1062 612 1125 Emmerammi
634 1061 732 1126 codice
754 1061 976 1144 descripsit⁴⁸).
1021 1061 1148 1125 Constat
1170 1061 1248 1125 liber

115 1153 267 1230 meattrmr
288 1169 328 1212 ee
346 1147 493 1228 partibrus
514 1168 594 1228 quae
614 1167 700 1212 nune
720 1148 767 1210 ita
788 1148 871 1210 inter
892 1167 923 1212 se
944 1147 1120 1227 excipiunt:

204 1255 235 1317 1.
266 1255 354 1333 aesta
385 1249 519 1328 Ottonis‚
552 1255 582 1315 et
612 1251 653 1316 de
686 1252 894 1316 conversione
924 1251 1089 1317 Saxonum
1119 1273 1248 1317 carmen

271 1336 503 1422 oonoinnm⁴⁰);

203 1426 235 1489 2.
270 1424 434 1501 dramata,·

205 1514 235 1573 3.
268 1511 350 1573 vitoe
371 1514 566 1589 sanctorum,-

204 1599 235 1659 4.
268 1596 429 1661 Aldbetmi
450 1594 560 1660 lanas
581 1593 739 1676 oiraiuum
761 1595 865 1675 (prol,
887 1593 1113 1679 o.1-2404).

122 1697 249 1764 Contuli
263 1703 380 1762 aestate
395 1700 541 1775 α.1898;
556 1699 699 1761 lectiones
713 1698 994 1763 commemorandos
1009 1699 1114 1762 eadem
1127 1698 1249 1762 ratione

118 1786 204 1867 eloai,
226 1806 289 1866 qua
311 1786 347 1848 in
369 1784 549 1867 apoarapbo
571 1784 813 1865 Alterspacensi
833 1803 910 1848 usus
931 1803 1008 1848 sum.

208 1887 331 1953 Codicis
345 1887 563 1952 Berotinensis
585 1886 673 1951 theol.
690 1888 744 1951 lat.
761 1887 795 1951 F
806 1907 838 1951 n.
850 1887 913 1952 265
935 1888 1061 1951 omnino
1076 1906 1140 1953 non
1154 1884 1252 1953 bobui

118 1976 281 2050 rationem,
304 1993 372 2038 mem
392 1974 447 2038 ille
467 1993 507 2037 ca
532 1972 627 2038 Celtis
647 1972 780 2037 editione
802 1973 974 2054 descrentes
994 1972 1097 2059 sit³⁰).

208 2161 370 2227 Carminis
384 2161 421 2226 de
436 2162 571 2226 coenobii
588 2161 869 2227 Gaudesberneusis
883 2162 1108 2228 constructione
1121 2161 1251 2227 codicem

117 2251 187 2313 sine
214 2249 309 2312 dubio
329 2250 494 2330 antianum
516 2248 659 2333 Bodo⁵¹)
685 2267 765 2314 sace.
781 2247 872 2312 XVI
896 2248 995 2313 antio
1020 2249 1063 2312 ael
1087 2253 1252 2333 syntaqm

117 2355 210 2400 suum
244 2335 392 2412 cesavit·
425 2355 513 2416 quem
549 2335 735 2398 monasterio
772 2335 903 2400 Clusino
932 2335 1054 2400 sublato
1090 2336 1126 2398 in
1154 2334 1252 2402 West-

112 2420 237 2505 fatiam
251 2421 391 2485 ablatum
406 2440 470 2485 esse
484 2421 551 2485 ideo
567 2420 694 2484 coniecit
708 2420 834 2500 Koeploe
843 2421 889 2485 ΙΙ
903 2441 936 2501 p.
948 2424 998 2499 16,
1020 2421 1102 2502 quod
1123 2442 1153 2485 a.
1167 2422 1251 2483 1693

117 2510 154 2571 in
169 2507 213 2572 Ν.
230 2507 380 2572 Scleateni
402 2525 427 2571 s.
444 2507 473 2571 1.
492 2508 660 2571 annalium
676 2505 982 2572 Paelcrboruensium
1000 2526 1088 2587 opere
1096 2509 1250 2587 postumo,
1272 2523 1288 2567 s

118 2599 190 2658 tom.
204 2593 227 2657 1
236 2613 269 2673 p.
284 2595 354 2670 128,
377 2614 403 2657 o.
419 2593 524 2655 6-23
538 2593 615 2656 editi
630 2598 713 2657 sunt.
747 2593 812 2657 Res
826 2594 946 2656 incerta
961 2598 1021 2671 est;
1042 2612 1118 2657 naen
1127 2596 1251 2673 poterat

115 2680 204 2761 fieri,
231 2689 268 2743 ut
288 2680 354 2743 iam
376 2678 548 2743 Scbatenus
576 2679 844 2745 Gaudesbemeusi
865 2679 963 2743 codice
984 2682 1135 2756 uteretur,
1162 2698 1252 2760 quem

114 2766 261 2849 proximi
288 2766 406 2830 saeculi
436 2766 529 2829 initio
550 2765 715 2845 protraxit
747 2765 780 2832 0.
804 2765 846 2831 Β.
867 2763 1073 2847 Beer-anso).
1128 2765 1195 2846 Quo
1223 2768 1252 2828 et

118 2850 304 2932 Leuctrseldi
318 2852 412 2915 editio
433 2852 514 2915 redit
528 2851 771 2932 antiquitatibus
788 2850 1109 2915 Gaudesbemensibus
1122 2852 1251 2927 inserta,
1274 2846 1287 2910 l

118 2944 148 3002 et
169 2938 373 3020 apoarapbon
395 2937 667 3001 Hannooeranum
689 2938 725 2999 in
746 2956 837 3001 imum
859 2937 1011 3001 Leibnitii
1028 2935 1168 3020 foetum,
1191 2955 1252 3016 quo
1274 2932 1296 2996 b

119 3024 175 3088 ille
197 3029 226 3087 et
241 3023 386 3088 Pertetus
407 3025 459 3087 usi
480 3027 563 3088 sunt.
600 3023 708 3103 Neque
729 3043 800 3088 vero
821 3024 908 3087 ultus
929 3022 1017 3086 bodie
1032 3022 1132 3098 xcooex
1145 3040 1255 3101 super·

119 3115 185 3188 est,·
206 3109 268 3186 sed,
291 3114 328 3174 ut
349 3110 386 3173 de
407 3109 537 3174 Bodone
558 3114 587 3173 et
601 3109 776 3173 Bebrensio
798 3114 923 3184 taceam,
946 3109 1004 3173 bac
1024 3112 1134 3172 nostra
1154 3111 1255 3172 aetate

119 3196 183 3260 duo
205 3196 322 3261 codices
340 3197 485 3278 quamvis
498 3199 634 3260 remota
647 3196 846 3260 delituerunt.
884 3195 968 3258 Nam
985 3195 1255 3259 Hannooeranum

124 3282 265 3360 codicem,
288 3304 376 3364 quem
403 3280 442 3346 G.
459 3280 503 3345 H.
520 3280 615 3346 Perta
635 3303 665 3345 a.
682 3284 766 3344 1841
789 3280 835 3345 ‘in
857 3281 1038 3346 bibliotheca
1059 3281 1145 3363 reaia
1159 3279 1255 3342 Han·

121 3389 284 3433 noverana
298 3367 515 3454 sareanen),
531 3390 562 3433 a.
569 3368 652 3430 1895
663 3367 793 3451 frustra
807 3387 921 3432 mecum
936 3368 1089 3448 qeeaesioit
1102 3367 1142 3432 E.
1151 3365 1253 3431 Bode-

120 3475 231 3533 mann,
246 3458 339 3536 atque
354 3457 448 3519 etiam
463 3456 563 3518 omnis
578 3455 645 3518 aas
659 3457 807 3519 maneria
823 3454 1031 3519 Hannoverae
1040 3453 1170 3533 penitus
1184 3455 1254 3516 erat

121 3542 330 3618 extincta⁵⁴);
351 3561 450 3622 neque
464 3542 564 3623 evaeis
583 3538 814 3622 Ooburyensem,
835 3560 925 3622 quem
946 3561 977 3604 a.
989 3542 1072 3602 1841
1094 3539 1254 3602 inventum

121 3629 257 3692 cannini
272 3628 454 3710 corriaendo
464 3627 670 3713 profuturum
688 3626 772 3690 dicit
797 3627 836 3692 G.
857 3626 968 3704 Waite,
988 3625 1036 3690 W.
1051 3622 1255 3691 Wattenbaob

114 3718 226 3794 posteo
248 3716 384 3795 repperit
394 3712 447 3799 ⁵⁵),
475 3719 548 3792 aut,
574 3714 630 3795 qni
654 3733 756 3793 nuper
782 3734 851 3777 eum
873 3733 942 3777 mea
959 3712 1066 3794 qratia
1089 3712 1124 3773 in
1145 3710 1255 3774 biblio-

121 3799 217 3866 thecis
244 3804 308 3864 tam
334 3799 523 3881 Ooburaensi
552 3819 647 3880 quam
673 3799 820 3864 Gotbaua
842 3800 1073 3880 quaesiverunt,
1102 3796 1140 3862 P.
1157 3796 1254 3860 Koet-

122 3885 216 3951 scbau
249 3891 278 3951 et
299 3885 337 3951 L.
356 3886 490 3950 Traube.
534 3885 746 3968 Harenberaii
771 3905 843 3950 vero
864 3885 1080 3965 manuscripta
1106 3882 1167 3948 duo
1192 3900 1256 3946 non

119 3975 295 4052 perierunt,
318 3972 372 4038 sed
393 3973 519 4037 annino
538 3972 656 4053 ficticia
677 3969 817 4057 sunt³⁶).
