2910 5024
551 365 565 420 I
582 365 608 421 6.
626 364 756 420 &aliua

186 540 250 606 Pro
274 559 329 605 me
351 559 424 604 cum
447 558 547 603 saevo
569 557 696 603 necnon
718 543 871 625 serpente
894 540 1051 626 maligno:

187 626 292 701 Quem
314 632 350 690 tu
372 625 477 691 vicisti
499 625 606 689 subito
628 625 747 689 virtute
770 625 932 710 supema.’

226 712 372 779 Auribus
394 713 526 776 intentis
548 718 584 775 ut
606 712 707 775 sensit
728 710 831 775 verba
852 711 1013 797 loquentis

186 799 343 880 Audaces,
367 798 498 863 laudem
521 797 641 863 Christi
663 798 780 862 cecinit
802 799 927 884 pietati,

188 885 405 971 Extraxitque
428 885 501 949 loco
525 884 643 970 captivi
666 884 814 949 membra
835 885 955 970 nigello

185 972 228 1037 lit
248 974 336 1039 locat
357 973 390 1036 iu
412 972 544 1058 propria
566 972 670 1035 noctis
693 970 752 1035 sub
776 976 925 1057 tempore
949 971 1040 1052 cella,

186 1057 277 1133 Quae
302 1058 363 1122 ruit
385 1058 545 1123 ecclesiae
569 1058 665 1122 lateri
687 1056 857 1122 coniuncta
879 1065 1040 1126 sacratae:

184 1146 253 1211 Illic
276 1151 311 1211 et
333 1144 465 1230 plebem
489 1145 580 1208 iussit
603 1145 691 1209 coire
713 1143 855 1226 fidelem,

185 1232 229 1296 Ut
250 1232 375 1319 pariter
397 1231 538 1318 preculis
560 1236 791 1316 pernoctarent
814 1229 975 1311 studiosis,

187 1317 257 1392 Quo
280 1319 385 1384 bouus
411 1323 574 1382 errantem
597 1337 658 1402 per
679 1322 869 1382 cousuetam
891 1318 1048 1402 pietatem

185 1405 301 1469 Pastor
324 1425 419 1469 crem
442 1405 556 1468 turmis
578 1405 701 1490 proprii
722 1405 881 1468 iunxisset
904 1404 1006 1469 ovilis.

188 1491 286 1556 Ortus
309 1511 446 1577 cumque
470 1492 580 1576 nigras
601 1491 704 1555 noctis
727 1492 776 1555 sol
799 1491 924 1576 expulit
946 1491 1087 1573 umbras,

186 1577 314 1643 Dextra
337 1577 496 1664 praedicti
519 1597 710 1664 comprensa
733 1578 862 1662 praesul
883 1577 1019 1642 homulli

187 1664 291 1729 Intrat
312 1665 346 1728 in
369 1665 550 1745 ecclesiam,
574 1684 683 1728 secum
706 1683 835 1749 quoque
859 1662 998 1728 duxerat
1020 1666 1136 1751 ipsum.

225 1751 271 1816 Ut
293 1752 392 1816 bmeu
415 1750 514 1815 sacris
537 1751 645 1836 tetigit
666 1751 852 1815 venerabile
875 1751 1003 1836 plantis,
1215 1766 1263 1832 sot.
1278 1770 1328 1819 err

185 1837 288 1903 Affuit
310 1837 433 1902 insidiis
454 1838 586 1902 latitans
609 1839 691 1902 clam
715 1836 855 1901 daemon
877 1838 994 1901 amaris

185 1925 393 2010 Attraxitque
416 1924 520 1989 virum
543 1944 662 2008 magua
683 1923 716 1987 vi
739 1923 878 2009 denique
901 1944 1035 2003 sursum,

186 2010 275 2076 Illius
298 2031 370 2076 arra
395 2017 429 2074 ta
452 2016 579 2075 secreta
602 2008 716 2074 fraude
739 2010 876 2074 sinistra.

185 2096 236 2162 Ad
261 2118 358 2183 quem
372 2032 530 2175 Masilius,
553 2097 628 2161 forti
649 2095 855 2161 mandamine
878 2096 1019 2159 functus:

185 2181 337 2271 ‘Inprobe
361 2183 422 2264 fur,
445 2184 532 2269 regis
555 2183 713 2248 facturam
735 2181 837 2248 redde
860 2181 1012 2267 perennis

186 2269 228 2335 Et
252 2271 337 2336 furto
360 2276 487 2356 raptam
510 2269 614 2334 rictus
637 2270 700 2334 cito
725 2268 839 2334 desere
861 2267 1047 2354 praedaml'

187 2355 246 2420 oui
268 2378 346 2422 mox
369 2357 547 2421 communis
570 2363 757 2420 cunctorum
781 2355 911 2420 dixerat
934 2354 1045 2439 bostis,

187 2443 353 2508 Perrersis
375 2463 494 2507 vacuas
516 2444 655 2527 implens
677 2443 845 2506 latratibus
868 2461 978 2505 auras:

185 2527 261 2594 ‘Gur
283 2530 405 2614 satagis
428 2529 593 2614 proprium
617 2529 764 2593 mihimet
785 2529 818 2591 ri
840 2529 955 2593 tollere
978 2549 1116 2614 serrum,

186 2615 247 2689 Qui
270 2622 474 2701 sua-sponte
497 2617 579 2679 meis
601 2614 750 2679 submisit
772 2614 855 2679 colla
878 2615 1023 2680 catenis?

187 2702 319 2768 Oartsm
341 2709 502 2788 percerte,
524 2701 672 2766 mihimet
695 2720 792 2786 quarn
814 2699 957 2765 reddidit
979 2702 1059 2788 ipse,

186 2790 347 2876 Tempore
370 2789 479 2854 iudicii
502 2786 631 2853 Christo
653 2787 840 2852 monstrabo
863 2786 984 2851 futuri?

187 2875 246 2941 Oui
268 2881 398 2940 sanetus
420 2896 529 2939 rursus
552 2874 712 2939 reddebat
733 2874 799 2938 tale
822 2894 1028 2958 responsum:

183 2962 298 3049 ‘lpsius
322 2962 442 3027 Christi
464 2967 651 3048 praecepto,
674 2959 917 3046 iudicisaequi,

184 3048 336 3114 Reddere
359 3049 518 3113 litterulas
541 3068 637 3133 spero
660 3053 693 3110 te
715 3047 861 3133 protinus
883 3044 993 3131 ipsas?

184 3136 244 3200 His
265 3136 364 3220 igitur
386 3134 489 3215 dictis,
514 3135 617 3198 orarit
638 3134 734 3197 turba
757 3132 861 3197 fidelis

184 3222 402 3287 Altithronum
423 3220 565 3308 preculis
587 3220 705 3285 devoto
729 3226 862 3305 pectore
886 3218 974 3297 fusis,

183 3308 299 3373 Fidum
321 3314 488 3392 pastorem
511 3328 574 3393 quo
599 3306 796 3371 confortaret
817 3307 851 3369 iu
872 3305 1010 3369 hostem.

185 3395 254 3460 Nec
277 3414 379 3476 mora,
403 3394 444 3459 de
467 3414 592 3458 summo
616 3393 733 3457 cecidit
755 3392 912 3478 scriptura
935 3388 1049 3454 dolosa

186 3482 273 3546 Ante
297 3480 400 3567 pedes
423 3481 525 3545 saneti
547 3500 673 3544 necnon
695 3480 834 3564 pastoris
857 3477 997 3543 amandi.

224 3568 316 3632 Tunc
342 3567 434 3653 plebs
458 3566 556 3632 corde
579 3567 633 3651 pio
656 3564 803 3651 gaudeus
827 3586 899 3630 cum
920 3562 1071 3650 praesule
1093 3560 1191 3646 digno

185 3654 310 3740 Sparsit
334 3653 415 3717 adus
438 3675 480 3718 ue
502 3654 613 3739 polum
636 3673 733 3717 voces
757 3673 830 3716 cum
852 3652 993 3716 carmine
1016 3647 1158 3729 laudum,

184 3739 392 3806 Conlaudans
415 3676 578 3805 dhristmn
601 3739 696 3803 solita
718 3739 841 3823 pietate
864 3739 1051 3822 benignum,

160 3998 211 4053 225
229 4002 328 4069 tngello
346 4001 380 4051 M
454 3998 505 4051 227
524 4002 661 4052 coniuncte
679 3999 714 4050 M
788 3998 840 4051 228
858 4001 941 4051 coeire
959 3997 992 4048 M
1058 3994 1109 4049 231
1127 3997 1213 4049 iunxit

145 4072 304 4135 ninxissetp
399 4068 451 4122 235
469 4073 502 4121 Et
519 4070 554 4120 M
643 4067 694 4121 248
712 4087 814 4121 rursum
834 4069 913 4121 Celtas
1002 4063 1055 4118 253
1072 4067 1165 4118 Eidum
1183 4066 1217 4118 Μ

143 4143 238 4208 moris
256 4140 287 4190 Μ
373 4137 425 4192 258
442 4140 606 4191 eonbndans
625 4138 659 4188 Μ

159 4363 211 4418 223
229 4385 263 4409 =
280 4363 344 4416 Bao.
358 4368 414 4416 149.
503 4361 553 4415 251
567 4363 601 4429 cf.
616 4362 762 4414 Dionaeo.
