2910 5024
615 353 670 410 15.
691 352 863 423 mearam

275 525 452 592 Adducens
475 526 545 590 eius
567 526 616 590 ira
641 527 674 590 'li
697 526 884 612 saepissime
907 527 1009 591 menti

275 613 404 678 Blanda
424 614 596 700 potestatis
617 548 856 677 dlsleotamenta
877 614 992 698 prioris

276 700 525 787 Despectusqus
548 720 681 784 gravem
704 701 781 764 facti
803 700 987 785 nuperrime
1011 707 1140 767 sortem.

274 786 345 852 Nec
367 788 502 873 laqueos
524 786 639 851 harum
660 791 844 850 retraxerat
865 785 1062 868 insidiarum,

276 873 392 939 Donec
414 873 577 958 captivum
601 872 720 937 Christi
743 872 835 937 duxit
857 873 919 937 sibi
941 894 1083 947 servum;

272 960 343 1025 Neu
365 980 467 1040 mora,
490 960 540 1024 vir
562 960 653 1024 fortis
675 960 741 1023 vita
762 960 950 1044 meritisque
974 960 1112 1025 celebris

273 1046 393 1112 Mentis
414 1048 568 1111 virtutem
591 1045 725 1110 demens
748 1044 913 1110 abiecerat
935 1066 1075 1128 omnem,

273 1132 344 1198 Nec
366 1133 610 1219 temptamentis
632 1132 754 1197 studuit
775 1139 900 1197 restare
922 1132 1079 1213 nefandis,

273 1219 341 1284 Sed
366 1221 469 1285 rictus
492 1220 591 1284 cessit
612 1220 793 1304 mentisque
818 1217 928 1283 dolore
952 1219 1103 1295 tabescit;
1164 1258 1168 1266 ·

276 1305 404 1392 Quique
427 1306 515 1392 prius
537 1305 628 1391 plebi
649 1307 773 1391 sprevit
794 1306 944 1391 princeps
967 1304 1135 1387 dominari,

273 1392 418 1457 Allectat
439 1392 516 1456 iuris
538 1413 676 1478 pompas
697 1413 781 1457 nunc
803 1392 971 1456 inferioris.

274 1478 422 1543 'landem
445 1478 597 1544 seductus
620 1484 753 1543 caecato
777 1477 874 1543 corde
897 1478 1041 1542 misellus

274 1564 445 1638 Quendam
467 1586 657 1650 perversum
679 1565 774 1651 petiit
794 1565 932 1630 festinus
953 1564 1154 1647 Hebraeum,

276 1650 340 1725 Qui
361 1653 490 1736 magica
511 1653 622 1738 pluras
644 1650 775 1737 decepit
796 1650 911 1716 fraude
934 1650 1058 1732 fideles,

278 1738 556 1824 Prolambensque
579 1759 654 1802 suas
676 1745 838 1824 prostrato
861 1757 996 1823 corpore
1018 1738 1146 1823 plantas

274 1824 381 1911 Ipsius
404 1824 558 1890 auxilium
582 1825 708 1911 flagitat
729 1823 928 1889 lacrimando
950 1823 1135 1889 uelandum.

274 1911 348 1993 Qui,
369 1932 468 1998 super
491 1913 626 1976 errantis
648 1912 758 1997 lapsus
780 1910 953 1997 gaudendo
976 1911 1145 1995 malignus,

273 1997 379 2063 Nocte
402 1998 514 2084 procul
538 1997 635 2063 dubio
658 1999 751 2063 iussit
771 1998 898 2063 venisse
922 1997 1039 2080 lutura,

274 2085 483 2167 Ptemittens,
506 2092 689 2171 promptam
713 2083 886 2171 despectus
909 2104 981 2149 esse
1005 2082 1178 2162 medelam,

275 2170 309 2236 Si
331 2171 476 2258 parendo
499 2171 564 2235 suis
586 2173 687 2236 vellet
708 2178 833 2235 tantum
857 2170 997 2235 suadelis

276 2257 343 2322 Sub
367 2256 488 2322 ditione
512 2259 561 2321 sui
583 2264 657 2343 post
679 2257 762 2322 haec
783 2258 932 2323 habitare
954 2257 1109 2341 magistri.

318 2343 380 2408 His
402 2345 455 2409 hic
477 2344 591 2408 infelix
613 2345 743 2409 monitis
766 2350 878 2430 captus
891 2345 986 2420 male
1008 2342 1135 2408 blandis

275 2429 453 2495 Daemonis
476 2431 631 2516 obsequio
655 2432 745 2495 saevi
767 2432 865 2516 gestit
886 2432 1027 2515 religari,

276 2514 348 2589 Quo
372 2517 418 2582 sic
439 2516 618 2581 umbratilis
640 2538 756 2582 munus
777 2518 948 2582 meruisset
970 2517 1109 2581 honoris.
1300 2533 1348 2599 fol.
1361 2537 1410 2586 aar

273 2603 390 2685 Quem,
413 2624 478 2668 non
500 2605 661 2689 signatum
684 2605 776 2690 signo
800 2610 931 2668 sanctae
955 2604 1056 2667 crucis
1079 2604 1175 2685 almo,

275 2689 341 2756 Sed
364 2710 461 2775 mags
484 2689 681 2755 daemonicis
705 2690 922 2756 confidentem
946 2690 1096 2770 suadelis,

275 2775 374 2842 Ocius
394 2777 450 2841 ille
473 2797 587 2862 magus
610 2798 719 2842 secum
743 2777 835 2841 duxit
856 2776 1047 2841 maledictus

275 2863 379 2928 Trans
400 2863 515 2927 urbem
539 2864 599 2928 sub
622 2864 785 2928 nocturnis
808 2871 933 2928 secreto
957 2863 1110 2941 tenebris,

273 2949 387 3014 Intulit
409 2951 506 3035 inque
528 2951 637 3015 locum
659 2951 761 3015 multo
785 2951 979 3014 fantasmata
1003 2950 1145 3035 plenum,

274 3036 314 3101 In
336 3057 400 3122 quo
424 3037 557 3102 tartarei
580 3042 740 3102 steterant
760 3038 793 3100 in
815 3041 907 3101 veste
931 3037 1037 3101 coloni

275 3122 363 3187 Alba
386 3122 538 3188 candelas
559 3125 670 3209 plures
692 3124 841 3188 manibus
863 3124 1051 3187 retinentes.

273 3209 365 3273 Inter
388 3229 468 3294 quos
491 3209 616 3274 medius
639 3211 789 3296 princeps
812 3208 977 3274 residebat
998 3209 1134 3294 iniquus.

274 3295 337 3369 Qui
361 3316 421 3360 rex
444 3302 494 3360 eat
515 3296 638 3377 mortis,
661 3298 769 3382 proles
792 3318 855 3382 quo
879 3316 921 3360 ua
945 3295 1142 3382 perditionis,

276 3381 425 3447 Suadens
449 3382 639 3448 damnandis
661 3389 769 3447 astuta
791 3318 905 3447 fraude
929 3383 1092 3465 ministris,

274 3467 407 3555 Inpigra
431 3471 552 3534 cunctis
574 3469 791 3556 praetendere
815 3469 999 3535 calliditatis

274 3556 438 3620 Assuetae
460 3558 606 3641 laqueos,
630 3577 743 3621 omnes
766 3563 898 3641 captare
921 3563 1062 3642 paratos.

318 3643 365 3705 At
385 3664 500 3728 magus
524 3650 685 3708 errantem
709 3643 925 3729 damnumque
949 3645 997 3708 sui
1020 3644 1203 3729 cupientem

272 3727 354 3793 Mox
376 3727 417 3792 ad
441 3731 609 3794 concilium
631 3729 833 3816 perducebat
855 3731 1061 3812 scelerosum,

272 3814 522 3902 Prostratusque
544 3817 593 3882 sui
615 3818 733 3903 plantis
757 3817 912 3903 extimplo
936 3816 1081 3902 magistri

251 4037 462 4108 raperemur!
548 4037 582 4090 94
603 4041 660 4104 Quo
684 4039 721 4092 sie
745 4041 891 4091 umbratilis
913 4040 949 4091 cic
966 4039 1001 4090 Μ
1083 4037 1118 4091 98
1135 4039 1251 4090 noturuis
1269 4037 1304 4088 Μ

159 4107 196 4161 99
214 4111 288 4177 plenl
306 4110 339 4160 Μ
425 4106 476 4161 102
494 4110 612 4161 residebo
629 4109 660 4159 M
752 4108 801 4162 105
819 4110 946 4161 callidatis
963 4109 998 4160 Μ

252 4279 480 4347 l9c.Apn.114.
533 4277 614 4346 8201<
623 4279 901 4346 Recreaaqaasa.
954 4275 1298 4345 summouentem.

159 4356 215 4404 616.
284 4349 303 4401 Ἰ1
359 4352 394 4418 cf.
413 4350 492 4402 Paul.
511 4349 548 4400 cd
568 4349 686 4402 Thessal.
700 4349 738 4400 11
748 4352 800 4412 2‚3
817 4349 886 4399 filius
903 4348 1052 4415 perditionis
1069 4348 1112 4411 (de
1131 4348 1299 4414 nabebo-icto).

213 4439 408 4490 numerumn
426 4450 518 4489 orma.
1128 4432 1146 4487 5
