2910 5024
556 362 569 416 I
588 364 612 417 1.
631 362 736 418 Maria.

185 538 322 603 Necnon
344 537 520 602 humanum
543 538 671 625 penitus
694 537 865 602 devincere
888 537 1001 601 visum.

186 625 273 699 Quid
295 624 436 689 referam
460 625 588 710 digitos,
612 646 747 710 operum
769 625 847 688 satis
870 631 940 689 arte
963 624 1137 710 probatos?

183 713 334 796 Namque
358 734 455 776 mauu
479 711 574 776 docta
596 712 734 798 perfecit
755 731 855 796 parva
877 712 997 797 puella,

184 886 323 986 Nempe,
347 886 409 950 sibi
431 907 577 950 normam
600 891 745 950 statuens
767 885 927 969 ipsissima
950 885 1073 965 duram,

186 973 344 1038 Ommbus
366 974 398 1037 in
421 973 544 1057 templo
567 973 698 1036 vivebat
720 973 858 1036 strictius
882 993 959 1058 ergo

184 1059 374 1144 Virginibus
396 1060 528 1145 reliquis
550 1060 616 1124 illic
638 1059 760 1144 pariter
782 1059 920 1123 sociatis.

185 1146 269 1211 Nam
293 1153 420 1210 tantum
443 1147 582 1230 preculis
605 1146 728 1210 studuit
749 1147 923 1231 persistere
947 1147 1046 1212 sacris

185 1233 322 1298 Necnon
344 1232 459 1297 divinis
482 1254 612 1319 semper
635 1239 820 1297 constanter
842 1234 875 1296 in
896 1232 976 1314 odis,

185 1321 237 1386 Ex
261 1341 323 1405 quo
348 1319 501 1384 discissae
524 1321 627 1384 noctis
649 1321 775 1404 periere
800 1319 955 1384 tenebrae

189 1411 317 1472 Aurora
340 1414 514 1491 spargente
538 1409 669 1491 plagam
692 1407 797 1473 lucem
820 1427 880 1493 per
902 1427 1007 1488 eoam,

186 1495 293 1559 Altius
314 1514 415 1579 usque
440 1496 551 1578 polum
575 1494 707 1558 Phoebo
732 1492 928 1558 ascendente
951 1513 1100 1558 serenum

186 1581 298 1646 Tertia
320 1581 384 1644 iam
407 1582 500 1646 solito
524 1580 702 1645 devenerat
724 1581 804 1644 hora
827 1580 900 1644 diei.

186 1668 277 1732 Tunc
298 1688 358 1730 usu
382 1667 501 1752 digitos
524 1668 630 1754 operis
653 1669 823 1731 laxaverat
845 1668 948 1750 albos,

186 1754 293 1819 Docte
316 1756 485 1840 purpureis
507 1755 656 1818 instando
680 1754 820 1839 denique
843 1753 913 1817 filis.

186 1841 253 1905 Sed
274 1861 361 1923 mox,
385 1848 420 1905 ut
442 1862 526 1905 nona
547 1841 700 1906 Phoebus
724 1839 891 1905 descendit
912 1840 946 1904 in
967 1839 1058 1920 hora,

186 1928 230 1993 Se
252 1928 401 2014 precibus
425 1929 519 1992 solito
542 1927 649 1992 reddit
672 1928 797 1991 famosa
818 1927 927 2012 puella

190 2015 239 2080 Ao
261 2014 367 2079 studio
390 2016 508 2078 mentis
531 2015 615 2079 bene
638 2014 825 2099 perduravit
846 2015 879 2078 in
902 2013 973 2094 illis,

186 2102 297 2187 Usque
321 2122 379 2186 per
401 2102 582 2187 angelicum
606 2103 741 2186 sumpsit
763 2122 854 2166 sacra
877 2102 967 2186 virgo
990 2098 1169 2163 ministrum

189 2188 285 2253 Omni
308 2209 447 2275 namque
472 2188 524 2252 die
546 2189 677 2251 missam
700 2188 761 2253 sibi
784 2189 918 2253 caelitus
942 2207 1064 2260 escam;

189 2275 306 2339 Escam
329 2276 498 2361 pontifices
522 2274 680 2339 dederant
703 2274 743 2338 de
766 2296 856 2339 more
879 2280 1043 2360 potentes:

188 2362 282 2427 Hanc
305 2361 410 2426 studio
435 2364 551 2426 mentis
574 2364 666 2426 eitius
690 2362 849 2426 concessit
872 2362 994 2447 egenis.

186 2448 335 2534 Denique
359 2450 517 2514 caelestes
540 2450 622 2534 lapsi
645 2449 686 2513 de
709 2448 815 2513 sidere
839 2449 925 2514 cives
1212 2439 1260 2508 fot.
1274 2447 1324 2494 11*

186 2535 281 2600 Hanc
304 2537 416 2600 crebro
440 2536 547 2601 verbis
571 2534 820 2600 consolabantur
843 2536 962 2615 amieis,

187 2622 348 2707 Spemere
373 2629 561 2687 terrestrem
586 2644 649 2708 quo
673 2644 750 2686 mox
773 2621 938 2687 didicisset
961 2641 1104 2686 amorem

186 2708 230 2772 Et
252 2717 374 2773 castam
397 2711 467 2794 regi
489 2719 631 2774 mentem
655 2730 785 2774 servare
808 2709 952 2794 perenni.

187 2795 338 2881 Quisquis
361 2796 554 2882 languidolis
577 2797 719 2860 infirmus
743 2796 882 2882 denique
905 2793 1057 2860 membris

186 2881 281 2947 Hanc
304 2884 409 2947 saltim
433 2884 551 2969 tetigit,
575 2885 692 2969 raptim
715 2884 823 2947 salvus
846 2882 1012 2947 remeavit.

231 2969 328 3034 Cuius
351 2991 423 3034 cum
447 2971 597 3035 stabilem
620 2971 771 3035 volitaret
794 2970 881 3034 fama
903 2990 962 3055 per
985 2967 1108 3047 orbem,

184 3055 343 3121 Abiathar
365 3058 505 3141 reliquos
529 3066 645 3122 exorat
667 3078 766 3142 saepe
789 3053 941 3120 sacerdos

186 3143 359 3208 Pontifices
383 3146 496 3230 templi
518 3145 613 3231 pretii
635 3166 699 3208 non
721 3164 854 3208 munere
901 3143 976 3221 arci,

184 3228 315 3294 Vellent
337 3231 537 3315 praeclaram
561 3253 623 3318 quo
648 3231 836 3315 disponsare
895 3230 996 3294 ariam

184 3315 200 3379 I
224 3317 287 3380 sius
311 3319 445 3403 egregio
469 3319 567 3402 legali
590 3319 725 3382 foedere
748 3324 834 3381 nato.

189 3337 283 3475 (duod
306 3405 374 3468 fieri
397 3426 475 3468 vero
498 3406 650 3492 prohibet
672 3405 860 3491 virguncula
883 3408 983 3480 casta,

131 3528 242 3534 ..-
254 3531 276 3534 -
296 3531 337 3535 —
350 3526 1212 3537 ——,.-——,—.—..-—..————-—

161 3593 213 3645 352
235 3594 360 3656 desecatur
379 3597 491 3647 indicavi
513 3615 544 3647 ec
568 3596 754 3647 Pauravas
779 3596 878 3657 omnia,
906 3611 974 3659 quas
997 3593 1118 3644 mulieres
1145 3592 1212 3644 anti-

131 3681 143 3714 s
171 3661 372 3730 (erwccboerre’)
390 3683 441 3715 non
465 3674 603 3731 potuerunt
620 3669 716 3728 facere,
740 3666 790 3716 ista
811 3667 838 3715 in
861 3672 950 3716 tenera
967 3669 1052 3715 aetate
1070 3663 1151 3730 posita
1169 3679 1212 3713 cx-

131 3735 190 3784 sbat
283 3733 334 3786 356
351 3752 402 3800 sqq.
421 3736 527 3786 diatim
555 3754 586 3786 ec
614 3735 800 3785 Promeae
826 3735 892 3785 hanc
915 3742 1002 3785 autom
1019 3732 1137 3799 regulam
1162 3732 1213 3783 sibi

131 3811 208 3864 uerat
227 3812 255 3853 ut
272 3821 288 3853 a
305 3821 379 3855 mane
396 3822 480 3869 usqua
497 3807 529 3855 ad
547 3807 636 3857 boram
656 3806 757 3856 tertiam
775 3804 933 3855 orationibus
951 3803 1086 3864 insisteret,
1104 3818 1121 3852 a
1137 3802 1213 3853 tertia

131 3891 160 3922 em
185 3889 267 3936 usque
290 3874 323 3923 ad
354 3892 446 3924 nouam
468 3877 580 3926 textrino
601 3892 677 3940 opere
705 3891 732 3925 se
753 3881 903 3940 occupatan
933 3889 950 3924 a
975 3888 1044 3924 nona
1064 3887 1126 3922 vero
1150 3872 1213 3922 bora

131 3960 168 3992 rm
188 3944 221 3993 ab
240 3944 352 3993 oratione
370 3960 422 3993 non
441 3945 583 4006 recedebat,
603 3945 764 4009 usquedum
783 3944 820 3993 illi
838 3943 946 4008 augelus
963 3941 1059 3993 domiui
1071 3950 1211 4008 appareret,

131 4013 203 4063 cuiue
222 4029 300 4063 manu
318 4029 404 4063 escam
422 4016 551 4080 acciperet
625 4012 677 4064 358
694 4015 806 4076 discesso
819 4012 889 4077 M¹p‚
906 4013 1021 4076 discuseq
1039 4010 1093 4060 M‘:
1111 4010 1213 4062 correcti

131 4119 134 4132 .
153 4082 300 4146 Gorrq.225,
319 4081 398 4132 Dion.
410 4089 461 4144 115,
479 4092 540 4148 gest.
551 4089 599 4135 650
680 4080 732 4133 360
748 4085 810 4148 fort.
829 4082 968 4134 scandente
1049 4078 1211 4132 3693202111

131 4167 173 4201 aa.
193 4151 226 4200 M
241 4150 286 4214 (m.
302 4153 329 4215 2)
417 4151 466 4204 381
487 4155 584 4219 agrigio
603 4152 645 4201 M¹

160 4303 225 4440 5533
240 4306 274 4372 cs.
302 4304 375 4427 pgr.
395 4309 452 4356 286.
575 4304 626 4356 362
652 4306 784 4357 laxaverat
809 4305 826 4357 i.
846 4322 868 4357 e.
895 4306 1050 4368 lassaverat,
1074 4303 1210 4371 fatigabat.

146 4393 180 4425 c.
227 4391 283 4441 αις.
355 4412 360 4424 .
