2910 5024
480 342 523 397 III
542 343 566 395 1.
582 346 655 411 posto
674 340 786 395 ononis.

176 517 308 581 Affectu
332 515 435 600 patrio
459 533 584 578 necnon
607 514 729 599 pietate
752 515 895 600 benigna

176 602 286 688 Digno
309 606 457 686 percerte
480 601 545 663 iam
569 601 754 665 sublimavit
776 601 911 684 honore,

175 688 321 753 Subiecti
344 688 465 751 faciens
487 688 581 771 regni
603 686 700 772 digne
724 687 892 752 dominari.

174 775 312 841 Necnon
334 773 555 857 Liudgardam
578 775 671 837 simili
694 795 792 839 causa
814 774 1044 857 venerandam,

176 861 281 926 Unice
303 861 435 924 feminei
459 880 542 944 quae
566 880 640 945 spes
663 881 760 924 sexus
783 861 843 924 fuit
864 861 920 943 illi,

177 947 324 1013 Gratiola
347 947 441 1032 parili
464 947 572 1023 coluit,
595 949 754 1031 provexit,
777 948 907 1011 amavit.

175 1033 271 1098 Hanc
294 1053 423 1120 quoque
447 1030 596 1097 Oonrado
619 1034 730 1098 vinclis
752 1034 887 1097 sociavit
910 1034 1038 1113 amoris,

176 1120 319 1206 Egregie
344 1128 539 1202 strenuoque
563 1119 646 1201 duci,
669 1120 801 1183 nimium
824 1140 952 1204 quoque
976 1121 1060 1205 lorti,

177 1205 313 1271 Munere
338 1207 392 1290 qui
414 1206 489 1268 talis
512 1204 627 1290 dignus
650 1205 820 1271 constabat
842 1207 981 1271 honoris.

176 1292 286 1378 thue
310 1313 368 1356 suo
392 1291 486 1355 subdi
508 1297 584 1356 nato
608 1293 732 1356 laceret
753 1291 907 1357 Liudullo

179 1377 318 1444 Multum
342 1378 480 1442 devotae
503 1378 647 1462 perfecto
671 1380 788 1443 mentis
811 1399 922 1444 amore

175 1465 375 1530 Francorum
398 1466 504 1549 gentis
527 1464 673 1529 dominos
695 1465 893 1550 praenobilis
915 1467 1029 1548 almos,

174 1551 312 1616 Necnon
332 1551 488 1636 primates
512 1549 691 1615 Suevorum
715 1552 838 1615 scilicet
861 1573 983 1633 omnes,

174 1638 243 1724 Ipsi
266 1638 365 1721 legali
387 1637 635 1722 praepulchram
658 1636 792 1701 foedere
813 1638 903 1723 iungi

175 1724 269 1788 Idam
291 1725 393 1802 iussit,
416 1723 608 1787 Herimanni
630 1728 739 1787 natam
764 1724 853 1788 ducis
876 1725 962 1804 almi,

177 1811 240 1883 Qui
264 1811 325 1874 luit
347 1810 477 1873 illustris
500 1811 650 1894 princeps
671 1812 704 1874 in
727 1810 873 1894 partibus
894 1812 967 1875 illis.

175 1895 272 1961 Haec
296 1915 423 1981 quoque
446 1896 566 1979 regalia
589 1896 697 1959 fuerat
719 1899 880 1960 consortia
902 1897 1002 1983 prolis

176 1984 241 2047 Pro
265 1983 388 2046 meritis
410 1983 560 2067 propriae
581 1983 750 2068 probitatis
774 1982 872 2067 digna
894 1984 1013 2067 subire,

174 2069 225 2135 Ac
248 2070 320 2133 vice
342 2069 475 2153 reginae
500 2089 624 2132 summo
648 2076 822 2133 veneretur
842 2069 976 2149 honore,
1067 2150 1069 2152 Ι

174 2155 269 2240 Rege
291 2154 424 2218 iubente
449 2155 578 2239 quidem
602 2175 662 2238 per
683 2164 871 2219 consuetam
894 2158 1060 2242 pietatem.

176 2243 272 2307 Illam
295 2261 355 2305 nec
377 2239 525 2305 habitere
548 2242 627 2305 locis
650 2242 752 2305 voluit
774 2246 954 2327 segregatis

174 2329 250 2394 Rex
271 2327 369 2407 idem,
393 2328 460 2391 nati
483 2326 579 2412 digne
603 2348 775 2392 succensus
799 2350 920 2411 amore,

177 2414 244 2480 Sed
267 2434 329 2480 ceu
351 2415 497 2498 reginam
519 2434 654 2499 regnum
678 2416 813 2478 transire
836 2418 1073 2503 peramplum,

177 2502 249 2575 Quo
273 2503 319 2565 sic
342 2500 479 2564 dilectus
501 2502 636 2565 sentiret
657 2501 741 2565 filius
765 2503 833 2565 eius

174 2587 292 2653 Dulcia
314 2588 473 2672 gratiolae
495 2607 626 2673 semper
647 2589 835 2652 munuscula
856 2608 1006 2673 magnae,

176 2674 243 2760 Ipsi
267 2694 340 2739 cum
363 2694 481 2760 sponsa
504 2675 596 2758 regni
618 2675 758 2738 sociatus
779 2675 812 2738 in
835 2675 918 2738 aula.

216 2760 350 2824 Interea
373 2781 432 2823 rex
454 2759 586 2823 Italicus
608 2759 743 2845 gravido
767 2761 957 2824 Hlotharius

177 2845 320 2910 Iniectus
343 2847 467 2926 morbo,
491 2846 611 2911 mundo
635 2846 781 2910 discessit
803 2847 844 2911 ab
866 2848 939 2927 isto,

176 2932 292 2998 Italiae
315 2953 450 3017 regnum
473 2933 621 3017 linquens
642 2935 758 2997 merito
780 2933 984 2997 retinendum

176 3017 329 3083 Summae
351 3021 495 3102 reginae,
518 3019 578 3083 sibi
602 3040 698 3103 quam
722 3021 855 3083 sociavit
877 3040 998 3085 amore.

175 3104 276 3187 Regis
299 3105 442 3169 Rothulfi
467 3105 572 3169 luerat
595 3126 679 3191 quae
701 3107 768 3170 lilia
789 3107 910 3191 magni,

178 3191 275 3256 Edita
297 3212 488 3276 magnorum
511 3193 608 3275 longo
631 3191 672 3257 de
696 3199 868 3256 stemmate
891 3213 1018 3275 regum;

178 3277 237 3343 Oui
259 3298 379 3343 nomen
403 3280 524 3342 clarum
548 3277 681 3342 dictavit
704 3299 829 3342 summa
852 3286 1022 3363 parentum

176 3363 345 3442 Nobilitas,
368 3365 456 3428 illam
481 3364 576 3448 digne
599 3366 744 3429 vocitans
766 3364 1037 3430 AEthelheitbam.

177 3449 270 3516 Haec
293 3471 422 3537 quoque
445 3451 564 3535 regalis
588 3452 710 3515 formae
732 3453 901 3536 praeclara
924 3451 1052 3532 decore,

179 3539 286 3623 Atque
311 3558 389 3601 suae
412 3539 516 3602 causis
539 3558 697 3622 personae
721 3537 834 3601 sedula
857 3538 962 3623 dignis

175 3622 283 3689 Factis
305 3625 408 3709 regali
431 3623 598 3774 respondit
620 3624 795 3688 nobilitati:

178 3708 308 3776 Scilicet
329 3711 460 3796 ingenio
496 3717 590 3775 uerat
612 3710 799 3797 praelucida
822 3715 923 3791 tanto,

155 3897 204 3953 450
220 3903 368 3954 subclinato
386 3901 419 3952 l!
502 3900 555 3954 leo
572 3904 634 3970 fort.
653 3904 708 3968 regi

156 4051 265 4121 fflsqq.
292 4057 327 4123 cf.
353 4054 446 4106 K.·D.
466 4074 492 4121 p.
507 4060 560 4108 158.
665 4055 716 4106 447
739 4058 774 4124 cf.
790 4060 925 4122 pactilo.
1030 4053 1144 4123 loom.
1167 4057 1203 4124 cf.

130 4126 192 4176 Ι884
208 4135 232 4176 ct
249 4123 341 4176 K.·D.
360 4130 457 4188 p.159.
554 4123 606 4176 452
632 4125 751 4176 Francia
764 4135 826 4190 post
842 4134 948 4176 mortem
966 4124 1121 4177 Ecurbcrdi
1136 4125 1204 4194 fisco

130 4191 320 4258 omnilinriter
333 4211 430 4259 parere
447 4203 567 4259 coeperat
582 4192 630 4257 (c.
651 4193 733 4246 K.·D.
750 4211 776 4258 p.
791 4200 836 4246 101
843 4194 874 4259 ²).
952 4193 1004 4246 465
1021 4195 1055 4262 cs.
1072 4204 1135 4262 qest
1149 4199 1204 4249 132.

130 4274 179 4344 'top
197 4264 232 4330 cf.
250 4262 335 4314 K.·D.
348 4268 501 4382 p.184sqp.
571 4262 603 4314 tl
640 4266 675 4326 cf.
690 4269 821 4330 gottw.
890 4261 941 4316 424
959 4264 1204 4319 nobilitando!-

130 4334 192 4399 ·‚·cf.
211 4332 305 4400 Sapa3
321 4333 372 4395 §d
443 4332 475 4384 47
512 4330 547 4397 cf.
561 4333 641 4399 prim.
656 4339 677 4384 7.
