2910 5024
525 347 536 400 l
554 348 579 402 4.
597 346 733 416 Pelopiae.

168 521 298 586 Talibus
320 526 356 584 ut
378 520 485 584 verbis
507 540 621 605 parcas
643 539 762 583 saevae
785 519 917 583 rationis

167 608 208 673 Et
229 628 358 672 mecum
380 605 531 671 stabilem
555 613 726 692 conportcs
748 607 864 669 mentis
887 627 1031 671 amorem

164 694 235 759 Nec
258 699 400 779 temptes
422 701 566 757 nostrum
589 693 766 778 posthaec
790 692 955 756 offendere
977 695 1108 777 iussum,

167 781 287 867 hlagno
312 779 369 844 sed
392 781 498 843 studio
522 800 632 844 serves
654 799 728 842 mea
751 778 836 843 dicta
859 781 1041 864 sequenda;

165 869 214 932 Tc
239 868 315 952 qnia
337 866 434 931 corde
459 868 539 947 colo,
562 887 688 930 necnon
710 865 896 929 venerarier
919 874 995 951 opto

165 956 272 1019 Tanto
295 973 375 1037 prae
399 955 521 1017 cunctis
544 955 638 1017 aulae
662 952 835 1036 splendore
859 953 1019 1037 ministris,

164 1041 260 1104 Alter
281 1045 318 1103 ut
338 1041 371 1104 in
394 1060 496 1124 regno
520 1041 572 1122 sis,
595 1060 648 1103 me
671 1046 868 1124 praestante,
891 1040 1054 1125 superbo.³

162 1128 257 1191 llaec
281 1127 336 1207 ait,
361 1132 393 1190 et
417 1126 532 1190 dextra
555 1126 744 1211 compressit
767 1126 905 1188 martiris
929 1147 995 1209 ora,

162 1214 329 1277 Astrictim
351 1213 446 1277 laeva
469 1214 687 1297 complectens
711 1213 794 1275 colla
817 1218 952 1294 sacrata,
1190 1216 1302 1282 fotw

163 1300 234 1372 Quo
258 1300 304 1362 sic
328 1300 471 1362 oscillum
495 1298 610 1362 saltem
633 1298 810 1382 configeret
832 1320 941 1365 unum.

163 1384 291 1450 Callida
314 1385 372 1448 sed
396 1387 487 1449 testis
510 1385 653 1449 confudit
675 1386 797 1448 ludicra
818 1385 914 1469 regis,

163 1473 273 1557 Osqua
297 1473 380 1556 petit
402 1472 508 1536 subito
532 1493 641 1556 pugno
664 1472 775 1555 regale
800 1472 935 1551 vibrato,

162 1559 276 1623 Intulit
299 1566 478 1623 attentum
502 1560 610 1643 pronis
633 1558 799 1622 obtutibus
821 1559 930 1638 ictum,

164 1645 303 1730 Sanguis
326 1650 361 1707 ut
383 1645 507 1730 absque
530 1665 621 1709 mora
644 1644 767 1708 stillans
791 1643 831 1708 de
854 1645 988 1709 vulnere
1012 1646 1098 1709 facto

163 1730 305 1797 Barbam
328 1729 473 1795 foedavit
496 1751 621 1795 necnon
642 1737 751 1796 vestes
773 1731 956 1794 madefecit.

203 1817 296 1882 'Iunc
318 1837 387 1897 rex,
410 1838 475 1882 non
499 1817 660 1882 modicam
682 1818 782 1881 tristis
806 1838 978 1881 conversus
1000 1819 1033 1881 in
1056 1817 1147 1900 iram,

164 1905 272 1986 lussit,
295 1903 477 1988 Pelagium,
501 1905 650 1968 caelestis
673 1905 759 1988 regis
782 1905 957 1983 alumnum,

164 1990 267 2055 Trans
290 2011 399 2054 muros
421 1991 523 2075 proici
544 1993 664 2055 iactum
687 1990 787 2054 funda
810 1990 992 2072 machinali,

165 2077 287 2142 Crebro
311 2077 471 2141 bellantes
494 2079 582 2141 saxis
605 2097 688 2162 quae
711 2076 853 2162 perfodit
875 2078 996 2158 hostes,

163 2163 290 2228 Nobilis
312 2169 349 2226 ut
371 2165 473 2244 testis,
496 2165 582 2227 fluvii
606 2164 733 2227 collisus
755 2162 895 2246 harenis,

162 2250 285 2314 Urbem
309 2250 363 2334 qni
384 2256 475 2313 vasto
499 2251 631 2336 propius
654 2251 842 2314 circumfluit
863 2249 960 2331 unda,

162 2336 371 2401 Membratim
394 2344 543 2422 creperet
564 2337 681 2423 raptim
704 2338 887 2422 fractusque
911 2337 1040 2422 periret.

163 2423 255 2486 Talia
277 2424 409 2486 iactanti
431 2422 593 2508 parebant
615 2424 698 2487 forte
721 2424 866 2500 ministri,

160 2509 240 2574 Mox
263 2514 297 2573 et
317 2508 495 2573 inauditam
518 2516 722 2574 strucxerunt
745 2509 884 2595 denique
907 2530 1058 2594 poenam,

162 2595 276 2659 Funde
297 2594 469 2680 Pelagium
493 2597 648 2661 iacientes
670 2596 931 2660 martirizandum

161 2682 258 2747 Urbis
280 2682 426 2746 famosae
449 2689 536 2746 trans
558 2684 702 2747 maxima
725 2684 853 2747 moenia
875 2685 982 2767 longe.

164 2767 241 2850 Sed,
264 2769 341 2833 licet
364 2769 513 2853 ingentes
537 2769 703 2834 obstantes
725 2769 866 2854 undique
890 2790 986 2854 rupes

160 2856 315 2920 Artarant
337 2856 429 2918 testis
452 2876 568 2940 corpus
590 2855 765 2942 praedulce
789 2855 944 2936 cadentis,

161 2945 318 3006 Attamen
338 2942 469 3006 illaesus
493 2941 611 3006 Christi
633 2945 810 3028 permansit
833 2943 964 3006 amicus.

207 3027 305 3092 Certe
328 3029 456 3112 regales
480 3029 572 3093 citius
594 3031 743 3114 pervenit
764 3028 806 3092 ad
829 3050 935 3110 aures,

159 3114 301 3179 lfartiris
323 3115 406 3179 allisi
429 3135 544 3201 corpus
566 3137 632 3180 non
655 3136 750 3201 posse
774 3116 887 3197 secari,

161 3201 257 3286 Infigi
279 3202 419 3285 scopolis
442 3203 532 3286 ripae
556 3203 643 3287 quod
664 3203 757 3266 iussit
779 3202 890 3265 acutis.

159 3286 223 3351 Hic
246 3288 349 3372 magis
373 3288 524 3370 offensus,
547 3291 675 3373 penitus
697 3289 805 3352 fuerat
829 3289 903 3373 quia
925 3289 1037 3369 victus,
1187 3297 1299 3363 fotu*

160 3373 237 3438 lfox
260 3380 357 3459 caput
381 3382 497 3439 exacto
520 3377 611 3439 iussit
634 3375 799 3439 succidere
823 3376 908 3439 ferro

158 3460 202 3523 Et
224 3461 451 3525 sententiolam
473 3463 519 3526 sic
542 3482 696 3526 exercere
720 3482 914 3546 supremam.

161 3546 313 3632 Denique
337 3548 468 3612 lictores
489 3549 614 3633 regalia
636 3549 722 3612 iussa
744 3553 921 3613 trementes

159 3631 241 3697 hfox
264 3632 382 3698 Christi
405 3640 523 3698 testem
545 3634 654 3720 gladic
678 3656 810 3699 secuere
833 3634 974 3717 fidelem,

159 3719 270 3784 Funus
294 3727 327 3784 et
350 3721 528 3785 extinctum
552 3722 682 3807 limphis
705 3721 840 3786 credunt
861 3720 1074 3786 retinendum.

202 3805 287 3871 Nam
309 3807 403 3872 miles
424 3809 512 3892 regis
534 3815 697 3892 prostrata
720 3815 823 3873 morte
846 3809 997 3894 perennis

159 3890 274 3958 Victor
297 3894 454 3979 stelligeri
476 3894 591 3959 volitat
612 3915 672 3979 per
693 3894 800 3959 sidera
822 3896 904 3959 caeli

132 4047 188 4102 268
203 4050 262 4101 -ssit
279 4051 398 4116 martyris
417 4066 462 4102 ora
479 4051 571 4101 iuras.
585 4051 619 4100 M
685 4049 737 4102 270
749 4052 946 4103 saltemiaros.
960 4050 991 4100 Μ
1059 4047 1187 4102 274Βιιι·

111 4121 133 4171 ιι
151 4126 185 4171 ut
201 4120 288 4185 ssqm
308 4118 342 4168 rr
877 4174 966 4241 m,

131 4253 187 4308 278
203 4258 238 4323 cs.
257 4255 382 4308 Peraea
469 4254 521 4307 282
538 4259 572 4324 cf.
592 4256 685 4322 Sept
703 4257 762 4321 §22
779 4265 803 4308 et
821 4248 1043 4323 anj'irraq.
1062 4272 1187 4326 compago

111 4341 253 4378 cosmum
272 4325 376 4376 divulsa
394 4327 555 4378 membratim
574 4334 660 4394 crepet
677 4326 768 4391 (indic.
786 4328 836 4393 fat.
854 4325 977 4378 intellcarit
994 4322 1066 4392 Ha).
