2910 5024
548 345 604 401 11.
624 344 727 400 Maria.

174 519 268 584 Hanc
291 517 382 601 adiit,
405 512 501 582 radiis
524 518 632 603 coepit
653 518 779 603 fulgere
802 520 950 602 coruscis,

172 605 242 670 Nec
264 611 340 692 post
362 605 445 669 haec
466 604 512 668 ibi
535 605 684 669 caelestis
706 606 763 669 lux
785 604 888 670 defuit
910 609 996 672 omni

173 691 348 778 Tempore,
372 712 435 778 quo
460 691 600 776 genitrix
621 693 686 757 illic
708 693 826 756 mansit
847 692 932 757 bene
956 696 1043 760 felin.

217 778 331 843 Noctis
355 779 546 864 tranquillae
569 779 677 843 medio
701 779 870 844 libramine
894 790 981 845 certe

173 865 244 931 Illic
266 864 349 930 haec
373 865 490 930 eadem
512 867 626 950 genuit
649 866 837 951 virguncula
859 869 983 951 prolem

172 950 327 1018 Gaudens
350 951 491 1016 divinam
514 953 635 1016 cunctis
658 952 772 1017 saeclis
794 952 1023 1037 venerandam,

174 1038 235 1104 (lui
257 1059 377 1104 nomen
399 1038 501 1119 Iesus,
526 1039 576 1102 cui
599 1040 640 1102 sit
663 1040 732 1102 laus
755 1039 859 1125 gloria
881 1041 992 1121 virtus,

174 1125 309 1191 Solvere
333 1126 387 1211 qui
410 1131 556 1190 veterum
579 1127 712 1190 veniens
735 1126 864 1190 oracula
886 1134 997 1192 ratum

174 1212 218 1277 Se
240 1233 300 1298 pro
323 1211 478 1276 salvando
501 1218 672 1276 venturum
696 1213 844 1298 praescia
867 1215 985 1279 mundo

174 1300 293 1364 Pacem
317 1298 479 1363 caelicolis
501 1298 579 1362 fecit
602 1319 673 1363 cum
697 1299 820 1363 civibus
843 1299 939 1365 orbis.

176 1386 282 1461 Quem
304 1386 449 1472 genitum
473 1404 564 1449 sacro
588 1392 698 1449 castae
722 1383 763 1449 de
787 1387 916 1471 virginis
939 1388 1012 1453 alvo

174 1473 324 1537 Protinus
347 1472 512 1558 angelicus
534 1472 718 1536 circumstat
741 1471 879 1558 denique
903 1482 1024 1558 coetus,

173 1557 327 1624 Laudans
349 1558 516 1623 submissis
540 1558 696 1623 factorem
718 1559 851 1624 vocibus
875 1562 971 1643 orbis,

175 1645 280 1712 Orans
304 1651 337 1709 et
358 1665 494 1731 puerum
516 1644 610 1709 nobis
633 1644 673 1710 de
697 1643 803 1710 sidere
826 1647 967 1712 missum.

174 1731 240 1796 Sed
263 1738 366 1796 mater
388 1731 495 1796 subito
519 1733 641 1796 cunctis
663 1731 858 1816 veneranda,
881 1733 994 1816 Maria,

177 1817 325 1883 Colloeat
347 1823 484 1903 angusto
507 1819 659 1904 praesepi
681 1820 828 1884 membra
850 1822 971 1885 tenella
1202 1822 1250 1888 l'01·
1263 1825 1310 1872 1⁶¹

178 1903 306 1986 Christi,
329 1904 507 1990 panniculis
530 1925 642 1991 regem
665 1905 825 1970 volvendo
848 1927 1033 1992 perennem.

219 1990 263 2055 Et
284 1991 356 2078 pius
378 1992 504 2055 interea
525 1991 646 2079 Ioseph
669 1991 832 2076 digressus
854 1993 895 2057 ab
919 1996 974 2058 illa

175 2077 256 2142 Mox
278 2077 471 2143 obstetrices
495 2099 604 2143 secum
627 2078 718 2142 duxit
739 2080 901 2159 mulieres,

175 2164 267 2239 Quae
292 2165 414 2229 Zelemi
438 2164 569 2229 Salome
593 2165 720 2229 fuerant
743 2165 784 2229 de
807 2168 935 2231 nomine
960 2168 1074 2232 diotae.

179 2250 258 2316 Sola
280 2250 339 2315 sed
361 2251 540 2337 ingreditur
561 2252 694 2332 Zelemi,
719 2250 913 2339 Salomeque
936 2261 1066 2319 veretur

176 2336 327 2424 Tangere
350 2339 538 2424 speluncam
561 2337 698 2423 pedibus
722 2339 894 2424 splendore
917 2342 1086 2427 repletam,

176 2424 257 2490 Mox
280 2445 408 2511 quoque
433 2425 612 2511 virgineum
635 2425 758 2489 Zelemi
781 2431 921 2491 tractans
944 2429 997 2513 pie
1019 2434 1157 2513 partum,

175 2511 383 2593 birchmann,
406 2511 499 2595 signi,
524 2511 614 2594 dixit,
638 2512 722 2576 bene
746 2511 876 2576 credula
900 2516 993 2579 tanti:

177 2597 273 2673 ‘Quid
297 2598 445 2663 sibinen
466 2605 586 2684 nuptae
610 2605 721 2699 partus
743 2600 812 2662 vult
833 2600 895 2663 iste
917 2602 1085 2666 novellus?

178 2684 293 2749 Editus
316 2705 393 2750 ecce
417 2705 498 2771 puer
519 2686 622 2770 regali
645 2686 789 2770 germine
811 2707 913 2771 nuper

178 2771 333 2858 Coniugis
357 2780 526 2857 expertem
548 2771 634 2836 bene
657 2771 802 2836 declarat
823 2773 892 2838 lore
915 2780 1061 2854 matrem,

177 2857 287 2945 Atque
310 2879 426 2943 parens
448 2859 539 2944 uirgo
562 2865 673 2923 natum
695 2859 796 2923 lactet
817 2861 870 2945 pie
895 2862 973 2933 sola,

178 2944 340 3009 Uberibus
364 2946 459 3010 castis
483 2944 523 3009 de
547 2945 638 3009 caelo
661 2946 730 3010 iure
753 2945 902 3031 repletis;

176 3030 251 3096 Non
274 3030 366 3097 dolor
389 3038 438 3096 est
459 3033 565 3110 matri,
589 3052 651 3095 nec
674 3037 723 3096 est
745 3033 917 3097 maculatio
941 3034 1038 3119 proli:

178 3117 300 3183 Ordine
324 3118 431 3183 divino
454 3118 524 3183 fieri
546 3117 604 3182 sed
627 3118 705 3181 talia
727 3119 847 3183 credo?

222 3202 316 3269 Hanc
339 3204 470 3269 Salome
493 3225 607 3270 vocem
630 3226 786 3290 spernens
807 3226 873 3269 non
894 3206 969 3269 ficta
991 3206 1179 3293 loquentem

177 3290 319 3356 Dixerat
341 3290 459 3356 auditis
481 3312 553 3356 sese
577 3312 641 3355 non
664 3291 798 3357 credere
820 3292 940 3371 verbis,

176 3376 221 3441 Ni
243 3377 358 3463 probet
380 3380 449 3463 ipsa
472 3399 596 3443 sacram
619 3379 727 3464 palma
750 3378 910 3465 tangendo
933 3378 1077 3444 Mariam.

179 3462 265 3528 Hinc
286 3465 432 3550 ingresse
454 3486 544 3530 suam
568 3465 676 3550 coepit
697 3465 894 3550 protendere
918 3465 1067 3530 dextram

177 3549 353 3631 Audacter,
377 3558 499 3616 castam
522 3558 684 3638 temptans
706 3553 841 3638 palpare
863 3552 1014 3628 Mariam3

178 3636 246 3702 Sed
268 3639 341 3702 talis
363 3659 503 3725 poenam
528 3639 653 3703 confert
675 3638 812 3703 audacia
835 3638 976 3724 dignam,

179 3721 373 3811 Dextraque
397 3725 548 3790 continuo
572 3727 762 3810 temptatrix
785 3725 955 3790 debilitata
1068 3795 1071 3801 ,

177 3809 307 3895 Ingenti
330 3817 418 3876 certe
442 3813 600 3877 cruciatur
621 3813 690 3876 iure
714 3811 835 3877 dolore.

155 4037 208 4091 576
225 4039 318 4092 saecbs
329 4038 454 4091 Bortrclr:
471 4036 534 4091 sciis
547 4039 581 4090 Μ
589 4038 659 4104 (item
670 4037 743 4105 secla
756 4058 808 4092 asc.
818 4042 880 4106 140)
965 4039 1016 4093 579
1029 4047 1147 4093 nentrum
1160 4039 1193 4090 Μ
1195 4040 1202 4070 ¹

158 4225 210 4279 573
228 4231 263 4296 cf.
281 4246 374 4295 appar.
394 4229 430 4279 od
448 4229 519 4281 Mar.
531 4232 586 4281 312.
665 4229 716 4281 584
734 4233 769 4296 cs.
782 4229 854 4281 Mor.
866 4233 921 4282 537.
991 4227 1044 4281 590
1055 4230 1089 4295 cf.
1103 4225 1204 4281 Scbodc

117 4297 200 4357 ”¹¹⁸5
223 4300 328 4351 sumt
349 4299 381 4350 de
405 4301 508 4350 nomine
526 4300 621 4351 dictae:
639 4300 674 4365 cs.
697 4299 812 4366 Tbcopla
825 4303 847 4351 6.
942 4296 994 4351 600
1010 4297 1161 4351 Pennas.
1174 4301 1206 4349 13

117 4366 146 4417 da
161 4368 269 4435 pollutio
287 4369 421 4435 sanguinis
439 4370 509 4420 secta
526 4376 565 4419 est
583 4371 609 4420 in
627 4376 755 4432 nascente,
774 4370 862 4421 nullus
879 4369 951 4420 dolor
969 4370 995 4418 in
1013 4369 1177 4434 parturiente.
