2910 5024
364 321 404 376 Ill
423 323 448 376 2.
463 320 613 391 primordia
631 321 750 376 coenobii
769 320 1013 377 Gandcalremenais.
1205 325 1257 380 229

665 751 708 816 Il.

266 872 352 937 Ecce
376 892 470 936 meae
495 872 633 957 supplex
655 871 784 935 humilis
808 872 938 937 devotio
961 877 1078 938 mentis

224 958 350 1038 Gliscit,
373 959 476 1022 felicis
498 957 674 1042 primordia
697 957 994 1024 Gandcshemensis

223 1044 373 1108 Pandere
398 1045 556 1125 coenobii,
601 1043 667 1108 uod
690 1065 767 1108 cura
789 1066 853 1109 non
876 1047 1041 1131 pigritanti

226 1131 445 1196 Construxers
468 1130 567 1194 duces
615 1151 756 1195 axonum
781 1132 849 1195 iure
873 1139 1034 1217 potentes,

223 1216 393 1281 Liudulfus
416 1237 563 1302 maguus,
587 1217 691 1281 clarus
715 1238 843 1303 quoque
866 1218 950 1282 filius
973 1220 1042 1283 eius
1224 1238 1254 1288 (s)

226 1302 332 1384 Oddo,
356 1305 409 1388 qui
433 1310 583 1388 eocptum
607 1304 744 1388 perfecit
766 1324 847 1389 opus
870 1312 1095 1370 memoratum.

266 1575 355 1640 Ordo
379 1597 461 1639 nuuc
485 1597 591 1640 rerum
615 1576 761 1662 deposcit
783 1577 911 1642 debitus
934 1578 1058 1658 harum,

224 1662 267 1726 Ut
290 1663 378 1747 prius
400 1662 532 1725 illustris
556 1665 749 1728 constructio
773 1662 1068 1729 Gandeshemeusis

224 1751 310 1833 Apto
336 1749 483 1812 coenobii
508 1750 669 1813 recinatur
691 1751 832 1814 carmine
856 1751 966 1816 nostri.

225 1834 318 1908 Quod
341 1856 417 1898 nam
440 1836 657 1899 construxisse
682 1836 796 1900 ducem
820 1844 1010 1901 reverenter
1032 1837 1172 1901 eundem
1209 1856 1253 1905 (ror

225 1920 360 1985 Constat
384 1920 562 2001 Saxonum,
584 1942 679 2007 quem
726 1921 862 2002 ruadind,
885 1922 1081 1987 Liudulfum.

223 2007 295 2089 Hic,
317 2006 553 2093 praenobilium
578 2015 672 2073 natus
695 1944 735 2072 de
759 2010 859 2095 stirpe
883 2017 1063 2093 parentum,

224 2095 321 2159 Ortus
344 2100 442 2178 atque
466 2095 514 2157 sui
537 2095 736 2180 respondeus
758 2095 919 2159 nobilitati

222 2179 365 2245 Moribus
389 2181 530 2264 egregiis
553 2202 676 2266 usuque
699 2201 777 2245 suae
801 2182 980 2266 probitatis,

220 2266 310 2331 luter
335 2266 483 2330 Saxones
507 2268 609 2330 crevit
631 2267 804 2331 laudabilis
827 2288 955 2338 omnes:
1208 2286 1253 2336 (n)

218 2350 369 2438 Namque
394 2352 454 2416 fuit
476 2360 634 2435 strenuus,
657 2354 761 2418 forma
784 2354 979 2439 nimiumque
1004 2354 1151 2439 decorus,

218 2439 369 2503 Prudens
392 2440 424 2502 in
448 2439 564 2520 verbis,
590 2440 621 2503 in
646 2441 768 2504 cunctis
792 2448 904 2504 cautus
928 2441 1074 2526 agendis,

217 2527 332 2610 Atque
356 2526 405 2588 sui
427 2526 556 2674 generis
580 2526 666 2590 solus
690 2547 765 2612 spes
790 2534 823 2590 et
846 2525 945 2591 decus
968 2529 1080 2592 omnis.

216 2610 307 2676 Hinc
330 2632 403 2675 uam
456 2633 624 2676 raucorum
648 2614 758 2698 magni
780 2614 866 2698 regis
890 2613 1075 2678 Hludowici

214 2695 357 2762 Militiae
380 2698 491 2782 primis
515 2698 695 2784 adscriptus
717 2718 823 2784 paene
846 2700 905 2763 sub
930 2701 1031 2780 annis,
1207 2718 1253 2768 (ro)

216 2783 274 2849 Ex
297 2785 369 2884 ipso
393 2782 490 2869 digne
514 2806 638 2848 summo
662 2785 806 2849 sublatus
829 2785 963 2856 honore,

212 2870 335 2936 Gentis
358 2868 522 2934 Saxonum
547 2893 625 2935 mox
648 2873 790 2957 suscepit
812 2872 1013 2946 comitatum3

215 2958 270 3021 Ac
294 2957 358 3020 cito
381 2957 512 3020 maioris
536 2957 673 3021 donatus
696 2978 828 3022 munere
851 2959 938 3029 iuris,

215 3042 423 3127 Principibus
446 3043 482 3107 fit
504 3065 573 3128 par,
597 3043 732 3108 ducibus
755 3044 813 3108 sed
835 3065 896 3108 nec
919 3044 979 3107 fuit
1001 3045 1116 3128 impar,

215 3128 348 3214 Quique
372 3149 446 3192 suos
469 3150 581 3194 omnes
606 3132 680 3194 vicit
702 3132 824 3217 pietate
848 3137 1010 3216 parentes,
1206 3147 1251 3198 (aa)

220 3215 297 3279 Non
320 3216 425 3279 miuus
448 3217 580 3300 insignis
602 3237 722 3302 pompa
745 3217 896 3281 vincebat
918 3216 1058 3281 honoris.

219 3301 281 3366 Cui
305 3303 444 3365 coniunx
468 3323 545 3385 argo
569 3304 674 3367 fuerat
697 3303 892 3389 praenobilis
916 3303 999 3384 Oda,

199 3456 358 3541 Parnonorr.
394 3462 540 3512 Psoroous.
594 3460 608 3510 l
637 3462 738 3542 supplet
747 3461 788 3542 'bu
893 3459 910 3510 3
931 3463 1067 3547 pigritana
1085 3461 1127 3512 lt:
1149 3462 1252 3512 emersi

206 3527 293 3595 ulfus]
312 3529 359 3580 ‘sta
377 3538 523 3581 constanter
540 3530 686 3581 eruendam:
704 3531 844 3582 Lurdulsua
861 3530 930 3582 edre.
958 3530 1041 3582 Perta.

232 3617 336 3683 pdixilr
405 3612 801 3680 v.6-23(0m.v.20)laoera
862 3615 1072 3682 bpnobiliumlr
1139 3614 1252 3681 'datque

215 3684 260 3747 (=
274 3688 596 3752 A9n.30;qeet1498=
613 3685 799 3750 Theoplast-
817 3686 914 3751 quique
932 3686 972 3736 tta
1007 3701 1070 3736 suaa
1088 3686 1252 3750 respondete

219 3756 279 3805 lisa
359 3752 392 3804 13
410 3755 460 3804 Hic
479 3754 583 3818 Koeple
630 3755 762 3806 hludovici
780 3755 806 3818 b,
824 3756 980 3806 Lndovicis
1054 3750 1088 3803 14
1104 3754 1203 3819 primus
1223 3754 1253 3802 lt

224 3825 283 3874 rite
327 3820 540 3889 iurialcunctisa
606 3822 836 3888 18parlsrom.lr
906 3822 1254 3882 tleoniuxt;ireme.117

232 3974 351 4011 mosam.
387 3963 532 4011 Pnosouus.
570 3960 584 4010 1
603 3963 637 4026 cf.
657 3977 752 4027 appar.
771 3961 808 4012 od
823 3970 885 4026 qest.
899 3961 970 4026 prol.
984 3965 1006 4023 1,
1018 3963 1058 4012 26.

250 4048 283 4112 es.
302 4046 356 4097 Pel.
371 4050 425 4110 167,
448 4046 581 4111 Aqa19‘2.
670 4045 702 4098 14
720 4049 753 4114 cf.
773 4046 836 4097 ado.
855 4047 892 4097 od
914 4046 1030 4112 Theoplr.
1044 4048 1070 4098 8.
1163 4040 1195 4095 ll
1215 4046 1251 4110 cs.

241 4121 255 4166 l.
327 4113 359 4165 18
376 4113 414 4165 ‘er
427 4116 503 4165 word
521 4115 571 4165 den
584 4115 696 4166 Fs'irsten
712 4115 804 4182 pleiclr,
821 4116 879 4166 und
896 4117 964 4167 scine
977 4115 1095 4182 Stellunp
1112 4113 1252 4164 woraicltt

247 4185 301 4247 der,
321 4185 362 4234 die
380 4185 439 4234 lreut
455 4186 497 4235 ein
517 4184 618 4250 Heraop
635 4179 792 4244 cinuimmt'f
810 4186 887 4236 aliter
900 4185 1005 4251 Koeplce
1013 4201 1043 4250 p.
1054 4187 1100 4236 125
1118 4193 1142 4235 et
1159 4182 1249 4245 Waitr,

250 4252 560 4321 Versouurrprqerclricbte
580 4253 616 4301 1⁷²
631 4271 658 4318 p.
669 4259 709 4305 43.
800 4252 833 4305 19
850 4255 958 4320 pietate:
975 4262 1060 4320 utpote
1079 4253 1254 4311 christianiter

256 4339 296 4375 ret
309 4323 412 4389 poponi
428 4324 544 4388 fuerunt.
