<?xml version="1.0" encoding="UTF-8"?>
<!DOCTYPE html PUBLIC "-//W3C//DTD XHTML 1.0 Transitional//EN"
    "http://www.w3.org/TR/xhtml1/DTD/xhtml1-transitional.dtd">
<html xmlns="http://www.w3.org/1999/xhtml" xml:lang="en" lang="en">
 <head>
  <title>
</title>
<meta http-equiv="Content-Type" content="text/html;charset=utf-8" />
  <meta name='ocr-system' content='tesseract 3.04.00' />
  <meta name='ocr-capabilities' content='ocr_page ocr_carea ocr_par ocr_line ocrx_word'/>
</head>
<body>
  <div class='ocr_page' id='page_1' title='image "./hrotsvithaeoper02hrotgoog_0159.png"; bbox 0 0 2910 5024; ppageno 0'>
   <div class='ocr_carea' id='block_1_1' title="bbox 168 347 938 404">
    <p class='ocr_par' dir='ltr' id='par_1_1' title="bbox 168 347 938 404">
     <span class='ocr_line' id='line_1_1' title="bbox 168 347 938 404; baseline -0.003 -1"><span class='ocrx_word' id='word_1_1' title='bbox 168 350 219 404; x_wconf 73' lang='lat'><strong>122</strong></span> <span class='ocrx_word' id='word_1_2' title='bbox 533 347 792 403; x_wconf 81' lang='lat' dir='ltr'>HROTSVITHAE</span> <span class='ocrx_word' id='word_1_3' title='bbox 811 348 938 404; x_wconf 80' lang='lat' dir='ltr'>OPERA.</span> 
     </span>
    </p>
   </div>
   <div class='ocr_carea' id='block_1_2' title="bbox 58 519 1328 1017">
    <p class='ocr_par' dir='ltr' id='par_1_2' title="bbox 58 519 1328 1017">
     <span class='ocr_line' id='line_1_2' title="bbox 58 519 574 608; baseline -0.002 -22"><span class='ocrx_word' id='word_1_4' title='bbox 58 519 141 608; x_wconf 84' lang='lat'>[11]</span> <span class='ocrx_word' id='word_1_5' title='bbox 253 542 413 587; x_wconf 76' lang='lat' dir='ltr'><strong>consulas.</strong></span> <span class='ocrx_word' id='word_1_6' title='bbox 457 520 574 587; x_wconf 84' lang='lat' dir='ltr'>Decet</span> 
     </span>
     <span class='ocr_line' id='line_1_3' title="bbox 123 607 1296 709; baseline 0.003 -37"><span class='ocrx_word' id='word_1_7' title='bbox 123 610 142 671; x_wconf 78' lang='lat'>2</span> <span class='ocrx_word' id='word_1_8' title='bbox 252 607 405 672; x_wconf 76' lang='lat' dir='ltr'><strong>lucrasse.</strong></span> <span class='ocrx_word' id='word_1_9' title='bbox 451 607 633 709; x_wconf 82' lang='lat' dir='ltr'><strong>Omilites,</strong></span> <span class='ocrx_word' id='word_1_10' title='bbox 662 609 864 693; x_wconf 80' lang='lat' dir='ltr'><strong>accingimini</strong></span> <span class='ocrx_word' id='word_1_11' title='bbox 894 614 927 673; x_wconf 89' lang='lat' dir='ltr'><strong>et</strong></span> <span class='ocrx_word' id='word_1_12' title='bbox 953 607 1076 673; x_wconf 85' lang='lat' dir='ltr'><strong>nudate</strong></span> <span class='ocrx_word' id='word_1_13' title='bbox 1103 608 1296 675; x_wconf 74' lang='lat' dir='ltr'><strong>christicolas</strong></span> 
     </span>
     <span class='ocr_line' id='line_1_4' title="bbox 168 694 1295 801; baseline 0.003 -43"><span class='ocrx_word' id='word_1_14' title='bbox 168 695 426 801; x_wconf 80' lang='lat' dir='ltr'><strong>possessionibus</strong></span> <span class='ocrx_word' id='word_1_15' title='bbox 441 696 588 795; x_wconf 80' lang='lat' dir='ltr'><strong>propriis,</strong></span> <span class='ocrx_word' id='word_1_16' title='bbox 610 701 614 774; x_wconf 95' lang='grc' dir='ltr'>Ι</span> <span class='ocrx_word' id='word_1_17' title='bbox 635 694 804 760; x_wconf 90' lang='lat' dir='ltr'><strong>obiciendo</strong></span> <span class='ocrx_word' id='word_1_18' title='bbox 828 696 1025 759; x_wconf 83' lang='lat' dir='ltr'><strong>sententiam</strong></span> <span class='ocrx_word' id='word_1_19' title='bbox 1041 694 1173 777; x_wconf 83' lang='lat' dir='ltr'><strong>Christi,</strong></span> <span class='ocrx_word' id='word_1_20' title='bbox 1194 694 1295 761; x_wconf 85' lang='lat' dir='ltr'><strong>dicen·</strong></span> 
     </span>
     <span class='ocr_line' id='line_1_5' title="bbox 167 777 1294 867; baseline 0.004 -23"><span class='ocrx_word' id='word_1_21' title='bbox 167 782 221 844; x_wconf 89' lang='lat' dir='ltr'><strong>tis:</strong></span> <span class='ocrx_word' id='word_1_22' title='bbox 243 782 248 863; x_wconf 97' lang='grc' dir='ltr'>Ι</span> <span class='ocrx_word' id='word_1_23' title='bbox 267 777 341 854; x_wconf 85' lang='lat' dir='ltr'><strong>‘Qui</strong></span> <span class='ocrx_word' id='word_1_24' title='bbox 364 801 427 844; x_wconf 92' lang='lat' dir='ltr'><strong>non</strong></span> <span class='ocrx_word' id='word_1_25' title='bbox 450 782 680 846; x_wconf 83' lang='lat' dir='ltr'><strong>renuntiaverit</strong></span> <span class='ocrx_word' id='word_1_26' title='bbox 703 781 865 863; x_wconf 93' lang='lat' dir='ltr'><strong>omnibus,</strong></span> <span class='ocrx_word' id='word_1_27' title='bbox 890 801 973 867; x_wconf 88' lang='lat' dir='ltr'><strong>quse</strong></span> <span class='ocrx_word' id='word_1_28' title='bbox 996 779 1159 867; x_wconf 85' lang='lat' dir='ltr'><strong>possidet,</strong></span> <span class='ocrx_word' id='word_1_29' title='bbox 1184 802 1213 848; x_wconf 88' lang='grc' dir='ltr'><strong>ιι.</strong></span> <span class='ocrx_word' id='word_1_30' title='bbox 1229 803 1294 848; x_wconf 70' lang='lat' dir='ltr'><strong>aa</strong></span> 
     </span>
     <span class='ocr_line' id='line_1_6' title="bbox 168 866 1328 951; baseline 0.004 -21"><span class='ocrx_word' id='word_1_31' title='bbox 168 887 241 933; x_wconf 83' lang='grc' dir='ltr'>ιι..ν</span> <span class='ocrx_word' id='word_1_32' title='bbox 258 887 285 930; x_wconf 84' lang='lat' dir='ltr'><strong>n.</strong></span> <span class='ocrx_word' id='word_1_33' title='bbox 302 888 326 931; x_wconf 89' lang='lat' dir='ltr'><strong>s.</strong></span> <span class='ocrx_word' id='word_1_34' title='bbox 344 887 372 930; x_wconf 92' lang='lat' dir='ltr'><strong>n.</strong></span> <span class='ocrx_word' id='word_1_35' title='bbox 391 866 547 951; x_wconf 43' lang='grc' dir='ltr'>ΙοΗΙι</span> <span class='ocrx_word' id='word_1_36' title='bbox 507 887 532 929; x_wconf 86' lang='grc' dir='ltr'><strong>ι.</strong></span> <span class='ocrx_word' id='word_1_37' title='bbox 1319 899 1328 935; x_wconf 82' lang='grc' dir='ltr'><strong>ι</strong></span> 
     </span>
     <span class='ocr_line' id='line_1_7' title="bbox 255 952 874 1017; baseline 0 -1"><span class='ocrx_word' id='word_1_38' title='bbox 255 973 382 1017; x_wconf 83' lang='lat' dir='ltr'><strong>urnrrrs.</strong></span> <span class='ocrx_word' id='word_1_39' title='bbox 428 952 467 1015; x_wconf 94' lang='lat' dir='ltr'><strong>In</strong></span> <span class='ocrx_word' id='word_1_40' title='bbox 489 953 582 1017; x_wconf 92' lang='lat' dir='ltr'><strong>nobis</strong></span> <span class='ocrx_word' id='word_1_41' title='bbox 604 974 669 1017; x_wconf 95' lang='lat' dir='ltr'><strong>non</strong></span> <span class='ocrx_word' id='word_1_42' title='bbox 692 953 753 1017; x_wconf 90' lang='lat' dir='ltr'><strong>erit</strong></span> <span class='ocrx_word' id='word_1_43' title='bbox 775 973 874 1017; x_wconf 90' lang='lat' dir='ltr'><strong>mora.</strong></span> 
     </span>
    </p>
   </div>
   <div class='ocr_carea' id='block_1_3' title="bbox 23 1204 1339 2066">
    <p class='ocr_par' dir='ltr' id='par_1_3' title="bbox 23 1204 978 1466">
     <span class='ocr_line' id='line_1_8' title="bbox 112 1204 897 1291; baseline 0.001 -21"><span class='ocrx_word' id='word_1_44' title='bbox 112 1204 147 1270; x_wconf 94' lang='lat' dir='ltr'><strong>II</strong></span> <span class='ocrx_word' id='word_1_45' title='bbox 256 1229 414 1276; x_wconf 80' lang='lat' dir='ltr'><strong>cossunrs.</strong></span> <span class='ocrx_word' id='word_1_46' title='bbox 459 1208 519 1291; x_wconf 83' lang='lat' dir='ltr'><strong>En,</strong></span> <span class='ocrx_word' id='word_1_47' title='bbox 543 1210 661 1273; x_wconf 91' lang='lat' dir='ltr'><strong>milites</strong></span> <span class='ocrx_word' id='word_1_48' title='bbox 683 1214 897 1274; x_wconf 87' lang='lat' dir='ltr'><strong>revertuntur.</strong></span> 
     </span>
     <span class='ocr_line' id='line_1_9' title="bbox 255 1294 978 1379; baseline 0 -21"><span class='ocrx_word' id='word_1_49' title='bbox 255 1294 405 1362; x_wconf 73' lang='lat' dir='ltr'><strong>lucianus.</strong></span> <span class='ocrx_word' id='word_1_50' title='bbox 450 1295 658 1360; x_wconf 80' lang='lat' dir='ltr'><strong>Secundusne</strong></span> <span class='ocrx_word' id='word_1_51' title='bbox 681 1303 789 1360; x_wconf 86' lang='lat' dir='ltr'><strong>vester</strong></span> <span class='ocrx_word' id='word_1_52' title='bbox 811 1294 952 1359; x_wconf 83' lang='lat' dir='ltr'><strong>reditus?</strong></span> <span class='ocrx_word' id='word_1_53' title='bbox 972 1294 978 1379; x_wconf 94' lang='grc' dir='ltr'>Ι</span> 
     </span>
     <span class='ocr_line' id='line_1_10' title="bbox 23 1381 713 1466; baseline -0.001 -20"><span class='ocrx_word' id='word_1_54' title='bbox 23 1411 87 1462; x_wconf 70' lang='lat' dir='ltr'><strong>pap.</strong></span> <span class='ocrx_word' id='word_1_55' title='bbox 100 1398 153 1448; x_wconf 82' lang='lat'><strong>167</strong></span> <span class='ocrx_word' id='word_1_56' title='bbox 259 1401 387 1446; x_wconf 79' lang='lat' dir='ltr'><strong>nrnrnss.</strong></span> <span class='ocrx_word' id='word_1_57' title='bbox 435 1382 494 1466; x_wconf 82' lang='lat' dir='ltr'><strong>(Si)</strong></span> <span class='ocrx_word' id='word_1_58' title='bbox 520 1381 713 1462; x_wconf 72' lang='lat' dir='ltr'><strong>secundus!</strong></span> 
     </span>
    </p>

    <p class='ocr_par' dir='ltr' id='par_1_4' title="bbox 257 1466 813 1547">
     <span class='ocr_line' id='line_1_11' title="bbox 257 1466 813 1547; baseline 0.002 -17"><span class='ocrx_word' id='word_1_59' title='bbox 257 1466 407 1532; x_wconf 70' lang='lat' dir='ltr'><strong>Iuctatus.</strong></span> <span class='ocrx_word' id='word_1_60' title='bbox 453 1467 496 1531; x_wconf 84' lang='lat' dir='ltr'><strong>Et</strong></span> <span class='ocrx_word' id='word_1_61' title='bbox 519 1475 662 1531; x_wconf 90' lang='lat' dir='ltr'><strong>curtam</strong></span> <span class='ocrx_word' id='word_1_62' title='bbox 686 1469 813 1547; x_wconf 78' lang='lat' dir='ltr'><strong>citusil</strong></span> 
     </span>
    </p>

    <p class='ocr_par' dir='ltr' id='par_1_5' title="bbox 171 1512 1328 1876">
     <span class='ocr_line' id='line_1_12' title="bbox 256 1512 1328 1638; baseline 0.006 -23"><span class='ocrx_word' id='word_1_63' title='bbox 256 1573 384 1618; x_wconf 78' lang='lat' dir='ltr'><strong>aturrus.</strong></span> <span class='ocrx_word' id='word_1_64' title='bbox 416 1554 578 1619; x_wconf 89' lang='lat' dir='ltr'><strong>Dicemus</strong></span> <span class='ocrx_word' id='word_1_65' title='bbox 594 1556 597 1638; x_wconf 96' lang='grc' dir='ltr'>Ι</span> <span class='ocrx_word' id='word_1_66' title='bbox 612 1553 765 1634; x_wconf 82' lang='lat' dir='ltr'><strong>Castella,</strong></span> <span class='ocrx_word' id='word_1_67' title='bbox 782 1572 866 1638; x_wconf 85' lang='lat' dir='ltr'><strong>quae</strong></span> <span class='ocrx_word' id='word_1_68' title='bbox 882 1551 1069 1617; x_wconf 84' lang='lat' dir='ltr'><strong>Gallicanus</strong></span> <span class='ocrx_word' id='word_1_69' title='bbox 1084 1552 1147 1617; x_wconf 89' lang='lat' dir='ltr'><strong>sibi</strong></span> <span class='ocrx_word' id='word_1_70' title='bbox 1163 1512 1328 1623; x_wconf 72' lang='lat' dir='ltr'><strong>remut¹⁹</strong></span> 
     </span>
     <span class='ocr_line' id='line_1_13' title="bbox 172 1637 1295 1726; baseline 0.003 -25"><span class='ocrx_word' id='word_1_71' title='bbox 172 1637 372 1702; x_wconf 79' lang='lat' dir='ltr'><strong>decrevimus</strong></span> <span class='ocrx_word' id='word_1_72' title='bbox 401 1642 538 1704; x_wconf 81' lang='lat' dir='ltr'><strong>intrasse</strong></span> <span class='ocrx_word' id='word_1_73' title='bbox 565 1643 569 1723; x_wconf 99' lang='grc' dir='ltr'>Ι</span> <span class='ocrx_word' id='word_1_74' title='bbox 595 1646 736 1726; x_wconf 90' lang='lat' dir='ltr'><strong>tuaeque</strong></span> <span class='ocrx_word' id='word_1_75' title='bbox 764 1640 909 1704; x_wconf 77' lang='lat' dir='ltr'><strong>servituti</strong></span> <span class='ocrx_word' id='word_1_76' title='bbox 936 1658 1125 1726; x_wconf 86' lang='lat' dir='ltr'><strong>usurpssae;</strong></span> <span class='ocrx_word' id='word_1_77' title='bbox 1146 1639 1242 1721; x_wconf 75' lang='lat' dir='ltr'><strong>laed,</strong></span> <span class='ocrx_word' id='word_1_78' title='bbox 1271 1642 1295 1704; x_wconf 83' lang='lat' dir='ltr'><strong>si</strong></span> 
     </span>
     <span class='ocr_line' id='line_1_14' title="bbox 171 1726 1297 1874; baseline 0.004 -87"><span class='ocrx_word' id='word_1_79' title='bbox 171 1726 315 1874; x_wconf 65' lang='lat' dir='ltr'><strong>quisfex</strong></span> <span class='ocrx_word' id='word_1_80' title='bbox 342 1729 458 1791; x_wconf 89' lang='lat' dir='ltr'><strong>nostris</strong></span> <span class='ocrx_word' id='word_1_81' title='bbox 484 1726 603 1813; x_wconf 91' lang='lat' dir='ltr'><strong>pedem</strong></span> <span class='ocrx_word' id='word_1_82' title='bbox 635 1727 791 1807; x_wconf 85' lang='lat' dir='ltr'><strong>admovit,</strong></span> <span class='ocrx_word' id='word_1_83' title='bbox 823 1726 970 1810; x_wconf 87' lang='lat' dir='ltr'><strong>leprosus</strong></span> <span class='ocrx_word' id='word_1_84' title='bbox 1001 1746 1060 1790; x_wconf 91' lang='lat' dir='ltr'><strong>seu</strong></span> <span class='ocrx_word' id='word_1_85' title='bbox 1086 1727 1297 1811; x_wconf 75' lang='lat' dir='ltr'><strong>inergumino·</strong></span> 
     </span>
     <span class='ocr_line' id='line_1_15' title="bbox 171 1818 356 1876; baseline 0.006 -2"><span class='ocrx_word' id='word_1_86' title='bbox 171 1818 222 1874; x_wconf 91' lang='lat' dir='ltr'><strong>est</strong></span> <span class='ocrx_word' id='word_1_87' title='bbox 258 1819 356 1876; x_wconf 90' lang='lat' dir='ltr'><strong>actus.</strong></span> 
     </span>
    </p>

    <p class='ocr_par' dir='ltr' id='par_1_6' title="bbox 170 1896 1339 2066">
     <span class='ocr_line' id='line_1_16' title="bbox 257 1896 1339 1984; baseline -0.003 -25"><span class='ocrx_word' id='word_1_88' title='bbox 257 1896 408 1962; x_wconf 73' lang='lat' dir='ltr'><strong>Iulianus.</strong></span> <span class='ocrx_word' id='word_1_89' title='bbox 444 1896 679 1961; x_wconf 84' lang='lat' dir='ltr'><strong>Revertimini</strong></span> <span class='ocrx_word' id='word_1_90' title='bbox 671 1917 840 1983; x_wconf 80' lang='lat' dir='ltr'><strong>ipsumque</strong></span> <span class='ocrx_word' id='word_1_91' title='bbox 856 1898 1050 1984; x_wconf 86' lang='lat' dir='ltr'><strong>compellite,</strong></span> <span class='ocrx_word' id='word_1_92' title='bbox 1071 1897 1149 1982; x_wconf 75' lang='lat' dir='ltr'><strong>luel</strong></span> <span class='ocrx_word' id='word_1_93' title='bbox 1165 1898 1339 1984; x_wconf 71' lang='lat' dir='ltr'><strong>podismal</strong></span> 
     </span>
     <span class='ocr_line' id='line_1_17' title="bbox 170 1982 1326 2066; baseline -0.003 -21"><span class='ocrx_word' id='word_1_94' title='bbox 170 1982 322 2047; x_wconf 91' lang='lat' dir='ltr'><strong>deserere</strong></span> <span class='ocrx_word' id='word_1_95' title='bbox 343 1985 347 2066; x_wconf 96' lang='grc' dir='ltr'>Ι</span> <span class='ocrx_word' id='word_1_96' title='bbox 367 1985 420 2047; x_wconf 79' lang='lat' dir='ltr'><strong>vel</strong></span> <span class='ocrx_word' id='word_1_97' title='bbox 443 1983 537 2048; x_wconf 93' lang='lat' dir='ltr'><strong>idolis</strong></span> <span class='ocrx_word' id='word_1_98' title='bbox 559 1983 747 2048; x_wconf 91' lang='lat' dir='ltr'><strong>sacrificare.</strong></span> <span class='ocrx_word' id='word_1_99' title='bbox 769 1984 774 2066; x_wconf 93' lang='grc' dir='ltr'>Ι</span> <span class='ocrx_word' id='word_1_100' title='bbox 1310 2003 1326 2042; x_wconf 80' lang='grc' dir='ltr'><strong>κ</strong></span> 
     </span>
    </p>
   </div>
   <div class='ocr_carea' id='block_1_4' title="bbox 96 2237 1296 2324">
    <p class='ocr_par' dir='ltr' id='par_1_7' title="bbox 96 2237 1296 2324">
     <span class='ocr_line' id='line_1_18' title="bbox 96 2237 1296 2324; baseline -0.001 -19"><span class='ocrx_word' id='word_1_101' title='bbox 96 2241 148 2305; x_wconf 90' lang='grc' dir='ltr'><strong>ΠΙ</strong></span> <span class='ocrx_word' id='word_1_102' title='bbox 260 2238 462 2304; x_wconf 74' lang='lat' dir='ltr'><strong>(instrenuus.</strong></span> <span class='ocrx_word' id='word_1_103' title='bbox 506 2238 556 2302; x_wconf 90' lang='lat' dir='ltr'><strong>Ne</strong></span> <span class='ocrx_word' id='word_1_104' title='bbox 572 2240 762 2324; x_wconf 81' lang='lat' dir='ltr'><strong>fatigemini,</strong></span> <span class='ocrx_word' id='word_1_105' title='bbox 786 2239 949 2319; x_wconf 89' lang='lat' dir='ltr'><strong>omilites,</strong></span> <span class='ocrx_word' id='word_1_106' title='bbox 962 2239 1091 2303; x_wconf 83' lang='lat' dir='ltr'><strong>inutilis</strong></span> <span class='ocrx_word' id='word_1_107' title='bbox 1104 2237 1296 2319; x_wconf 67' lang='lat' dir='ltr'><strong>suadenda}</strong></span> 
     </span>
    </p>
   </div>
   <div class='ocr_carea' id='block_1_5' title="bbox 171 2322 1297 2497">
    <p class='ocr_par' dir='ltr' id='par_1_8' title="bbox 171 2322 1297 2497">
     <span class='ocr_line' id='line_1_19' title="bbox 172 2322 1297 2412; baseline -0.001 -23"><span class='ocrx_word' id='word_1_108' title='bbox 172 2327 246 2410; x_wconf 92' lang='lat' dir='ltr'><strong>quia</strong></span> <span class='ocrx_word' id='word_1_109' title='bbox 272 2327 306 2389; x_wconf 93' lang='lat' dir='ltr'><strong>in</strong></span> <span class='ocrx_word' id='word_1_110' title='bbox 333 2326 557 2389; x_wconf 82' lang='lat' dir='ltr'><strong>aestimatione</strong></span> <span class='ocrx_word' id='word_1_111' title='bbox 586 2333 738 2388; x_wconf 85' lang='lat' dir='ltr'><strong>aeternae</strong></span> <span class='ocrx_word' id='word_1_112' title='bbox 767 2327 853 2389; x_wconf 81' lang='lat' dir='ltr'><strong>ritae</strong></span> <span class='ocrx_word' id='word_1_113' title='bbox 881 2326 973 2390; x_wconf 89' lang='lat' dir='ltr'><strong>flocci</strong></span> <span class='ocrx_word' id='word_1_114' title='bbox 1000 2325 1100 2407; x_wconf 79' lang='lat' dir='ltr'><strong>facio,</strong></span> <span class='ocrx_word' id='word_1_115' title='bbox 1125 2328 1131 2404; x_wconf 93' lang='grc' dir='ltr'>Ι</span> <span class='ocrx_word' id='word_1_116' title='bbox 1156 2322 1297 2412; x_wconf 86' lang='lat' dir='ltr'><strong>quicquid</strong></span> 
     </span>
     <span class='ocr_line' id='line_1_20' title="bbox 171 2410 1296 2497; baseline 0.002 -22"><span class='ocrx_word' id='word_1_117' title='bbox 171 2412 310 2475; x_wconf 92' lang='lat' dir='ltr'><strong>habetur</strong></span> <span class='ocrx_word' id='word_1_118' title='bbox 332 2411 390 2475; x_wconf 90' lang='lat' dir='ltr'><strong>sub</strong></span> <span class='ocrx_word' id='word_1_119' title='bbox 415 2413 492 2476; x_wconf 89' lang='lat' dir='ltr'><strong>sole.</strong></span> <span class='ocrx_word' id='word_1_120' title='bbox 527 2410 622 2475; x_wconf 86' lang='lat' dir='ltr'><strong>Unde</strong></span> <span class='ocrx_word' id='word_1_121' title='bbox 639 2413 776 2497; x_wconf 83' lang='lat' dir='ltr'><strong>patriam</strong></span> <span class='ocrx_word' id='word_1_122' title='bbox 793 2410 908 2476; x_wconf 90' lang='lat' dir='ltr'><strong>desero</strong></span> <span class='ocrx_word' id='word_1_123' title='bbox 929 2421 933 2495; x_wconf 94' lang='grc' dir='ltr'>Ι</span> <span class='ocrx_word' id='word_1_124' title='bbox 954 2419 988 2476; x_wconf 88' lang='lat' dir='ltr'><strong>et</strong></span> <span class='ocrx_word' id='word_1_125' title='bbox 1003 2411 1080 2475; x_wconf 83' lang='lat' dir='ltr'><strong>exul</strong></span> <span class='ocrx_word' id='word_1_126' title='bbox 1101 2433 1162 2497; x_wconf 90' lang='lat' dir='ltr'><strong>pro</strong></span> <span class='ocrx_word' id='word_1_127' title='bbox 1178 2411 1296 2477; x_wconf 78' lang='lat' dir='ltr'><strong>Christo</strong></span> 
     </span>
    </p>
   </div>
   <div class='ocr_carea' id='block_1_6' title="bbox 171 2496 1328 2584">
    <p class='ocr_par' dir='ltr' id='par_1_9' title="bbox 171 2496 1328 2584">
     <span class='ocr_line' id='line_1_21' title="bbox 171 2496 1328 2584; baseline 0.002 -23"><span class='ocrx_word' id='word_1_128' title='bbox 171 2496 404 2562; x_wconf 81' lang='lat' dir='ltr'><strong>Alexandriam</strong></span> <span class='ocrx_word' id='word_1_129' title='bbox 427 2507 513 2584; x_wconf 91' lang='lat' dir='ltr'><strong>peto,</strong></span> <span class='ocrx_word' id='word_1_130' title='bbox 534 2498 674 2584; x_wconf 77' lang='lat' dir='ltr'><strong>loptans</strong></span> <span class='ocrx_word' id='word_1_131' title='bbox 696 2496 818 2562; x_wconf 87' lang='lat' dir='ltr'><strong>ibidem</strong></span> <span class='ocrx_word' id='word_1_132' title='bbox 842 2499 987 2562; x_wconf 86' lang='lat' dir='ltr'><strong>coronari</strong></span> <span class='ocrx_word' id='word_1_133' title='bbox 1008 2498 1191 2575; x_wconf 74' lang='lat' dir='ltr'><strong>martirio!</strong></span> <span class='ocrx_word' id='word_1_134' title='bbox 1308 2514 1328 2554; x_wconf 77' lang='lat'><strong>¹·</strong></span> 
     </span>
    </p>
   </div>
   <div class='ocr_carea' id='block_1_7' title="bbox 99 2755 1327 3424">
    <p class='ocr_par' dir='ltr' id='par_1_10' title="bbox 99 2755 1297 3014">
     <span class='ocr_line' id='line_1_22' title="bbox 99 2755 1296 2841; baseline 0 -19"><span class='ocrx_word' id='word_1_135' title='bbox 99 2756 149 2822; x_wconf 80' lang='lat' dir='ltr'><strong>IV</strong></span> <span class='ocrx_word' id='word_1_136' title='bbox 258 2775 385 2819; x_wconf 74' lang='grc' dir='ltr'>ιιιιιιιε.</span> <span class='ocrx_word' id='word_1_137' title='bbox 432 2755 627 2831; x_wconf 84' lang='lat' dir='ltr'><strong>Gallicanus,</strong></span> <span class='ocrx_word' id='word_1_138' title='bbox 648 2761 684 2818; x_wconf 93' lang='lat' dir='ltr'><strong>ut</strong></span> <span class='ocrx_word' id='word_1_139' title='bbox 700 2756 828 2835; x_wconf 89' lang='lat' dir='ltr'><strong>iussisti,</strong></span> <span class='ocrx_word' id='word_1_140' title='bbox 852 2756 957 2839; x_wconf 86' lang='lat' dir='ltr'><strong>patria</strong></span> <span class='ocrx_word' id='word_1_141' title='bbox 973 2757 1137 2841; x_wconf 85' lang='lat' dir='ltr'><strong>expulsus,</strong></span> <span class='ocrx_word' id='word_1_142' title='bbox 1160 2757 1296 2822; x_wconf 80' lang='lat' dir='ltr'><strong>Alem-</strong></span> 
     </span>
     <span class='ocr_line' id='line_1_23' title="bbox 173 2841 1297 2928; baseline 0.003 -23"><span class='ocrx_word' id='word_1_143' title='bbox 173 2842 274 2905; x_wconf 89' lang='lat' dir='ltr'><strong>driam</strong></span> <span class='ocrx_word' id='word_1_144' title='bbox 300 2842 395 2927; x_wconf 87' lang='lat' dir='ltr'><strong>petiit</strong></span> <span class='ocrx_word' id='word_1_145' title='bbox 420 2841 544 2926; x_wconf 83' lang='lat' dir='ltr'><strong>ibique,</strong></span> <span class='ocrx_word' id='word_1_146' title='bbox 574 2863 594 2904; x_wconf 89' lang='lat' dir='ltr'><strong>s</strong></span> <span class='ocrx_word' id='word_1_147' title='bbox 619 2841 779 2905; x_wconf 87' lang='lat' dir='ltr'><strong>Rantiano</strong></span> <span class='ocrx_word' id='word_1_148' title='bbox 809 2843 926 2906; x_wconf 89' lang='lat' dir='ltr'><strong>comite</strong></span> <span class='ocrx_word' id='word_1_149' title='bbox 953 2849 1072 2925; x_wconf 87' lang='lat' dir='ltr'><strong>tentus,</strong></span> <span class='ocrx_word' id='word_1_150' title='bbox 1092 2846 1097 2926; x_wconf 95' lang='grc' dir='ltr'>Ι</span> <span class='ocrx_word' id='word_1_151' title='bbox 1118 2842 1228 2928; x_wconf 78' lang='lat' dir='ltr'><strong>gladio</strong></span> <span class='ocrx_word' id='word_1_152' title='bbox 1254 2850 1297 2908; x_wconf 72' lang='lat' dir='ltr'><strong>aa</strong></span> 
     </span>
     <span class='ocr_line' id='line_1_24' title="bbox 172 2936 394 3014; baseline 0.005 -23"><span class='ocrx_word' id='word_1_153' title='bbox 172 2936 369 3014; x_wconf 91' lang='lat' dir='ltr'><strong>peremptus.</strong></span> <span class='ocrx_word' id='word_1_154' title='bbox 390 2937 394 3007; x_wconf 92' lang='grc' dir='ltr'>Ι</span> 
     </span>
    </p>

    <p class='ocr_par' dir='ltr' id='par_1_11' title="bbox 257 3013 744 3079">
     <span class='ocr_line' id='line_1_25' title="bbox 257 3013 744 3079; baseline -0.002 -2"><span class='ocrx_word' id='word_1_155' title='bbox 257 3014 406 3079; x_wconf 75' lang='lat' dir='ltr'><strong>Ianusue.</strong></span> <span class='ocrx_word' id='word_1_156' title='bbox 453 3013 587 3077; x_wconf 89' lang='lat' dir='ltr'><strong>Obene</strong></span> <span class='ocrx_word' id='word_1_157' title='bbox 610 3013 744 3077; x_wconf 83' lang='lat' dir='ltr'><strong>sactum!</strong></span> 
     </span>
    </p>

    <p class='ocr_par' dir='ltr' id='par_1_12' title="bbox 258 3098 1327 3269">
     <span class='ocr_line' id='line_1_26' title="bbox 258 3098 1327 3177; baseline 0.001 -14.002"><span class='ocrx_word' id='word_1_158' title='bbox 258 3121 386 3164; x_wconf 79' lang='lat' dir='ltr'><strong>uramus.</strong></span> <span class='ocrx_word' id='word_1_159' title='bbox 434 3099 499 3163; x_wconf 83' lang='lat' dir='ltr'><strong>Sed</strong></span> <span class='ocrx_word' id='word_1_160' title='bbox 524 3100 684 3163; x_wconf 92' lang='lat' dir='ltr'><strong>Iohannes</strong></span> <span class='ocrx_word' id='word_1_161' title='bbox 708 3105 742 3162; x_wconf 87' lang='lat' dir='ltr'><strong>et</strong></span> <span class='ocrx_word' id='word_1_162' title='bbox 764 3098 885 3163; x_wconf 92' lang='lat' dir='ltr'><strong>Paulus</strong></span> <span class='ocrx_word' id='word_1_163' title='bbox 907 3105 940 3163; x_wconf 86' lang='lat' dir='ltr'><strong>to</strong></span> <span class='ocrx_word' id='word_1_164' title='bbox 963 3099 1141 3164; x_wconf 84' lang='lat' dir='ltr'><strong>fastidiunt.</strong></span> <span class='ocrx_word' id='word_1_165' title='bbox 1161 3103 1167 3177; x_wconf 95' lang='grc' dir='ltr'>Ι</span> <span class='ocrx_word' id='word_1_166' title='bbox 1308 3114 1327 3155; x_wconf 80' lang='lat'><strong>¹</strong></span> 
     </span>
     <span class='ocr_line' id='line_1_27' title="bbox 259 3184 704 3333; baseline -0.002 -85"><span class='ocrx_word' id='word_1_167' title='bbox 259 3186 408 3251; x_wconf 73' lang='lat' dir='ltr'><strong>Iulianus.</strong></span> <span class='ocrx_word' id='word_1_168' title='bbox 454 3184 538 3257; x_wconf 87' lang='lat' dir='ltr'><strong>Quid</strong></span> <span class='ocrx_word' id='word_1_169' title='bbox 561 3185 704 3333; x_wconf 63' lang='grc' dir='ltr'>ειςιιιιιΙΙ</span> 
     </span>
    </p>

    <p class='ocr_par' dir='ltr' id='par_1_13' title="bbox 258 3268 1294 3423">
     <span class='ocr_line' id='line_1_28' title="bbox 258 3268 1294 3359; baseline 0.004 -26"><span class='ocrx_word' id='word_1_170' title='bbox 258 3291 385 3337; x_wconf 81' lang='lat' dir='ltr'><strong>nrnrrrs.</strong></span> <span class='ocrx_word' id='word_1_171' title='bbox 420 3272 539 3336; x_wconf 87' lang='lat' dir='ltr'><strong>Libere</strong></span> <span class='ocrx_word' id='word_1_172' title='bbox 555 3277 686 3355; x_wconf 85' lang='lat' dir='ltr'><strong>vagant,</strong></span> <span class='ocrx_word' id='word_1_173' title='bbox 704 3269 739 3349; x_wconf 82' lang='lat' dir='ltr'><strong>lt</strong></span> <span class='ocrx_word' id='word_1_174' title='bbox 726 3270 895 3335; x_wconf 90' lang='lat' dir='ltr'><strong>thesauros</strong></span> <span class='ocrx_word' id='word_1_175' title='bbox 911 3268 1122 3337; x_wconf 78' lang='lat' dir='ltr'><strong>Constantine</strong></span> <span class='ocrx_word' id='word_1_176' title='bbox 1138 3281 1294 3359; x_wconf 61' lang='lat' dir='ltr'><strong>eroganti</strong></span> 
     </span>
     <span class='ocr_line' id='line_1_29' title="bbox 259 3357 669 3424; baseline 0.002 -5"><span class='ocrx_word' id='word_1_177' title='bbox 259 3357 408 3424; x_wconf 76' lang='lat' dir='ltr'><strong>laniaris.</strong></span> <span class='ocrx_word' id='word_1_178' title='bbox 453 3357 669 3422; x_wconf 82' lang='lat' dir='ltr'><strong>Advocentur.</strong></span> 
     </span>
    </p>
   </div>
   <div class='ocr_carea' id='block_1_8' title="bbox 172 3735 404 3743">
    <p class='ocr_par' dir='ltr' id='par_1_14' title="bbox 172 3735 404 3743">
     <span class='ocr_line' id='line_1_30' title="bbox 172 3735 404 3743; baseline 0.009 -2"><span class='ocrx_word' id='word_1_179' title='bbox 172 3735 404 3743; x_wconf 73' lang='lat'><strong>——...——-</strong></span> 
     </span>
    </p>
   </div>
   <div class='ocr_carea' id='block_1_9' title="bbox 172 3802 1293 4009">
    <p class='ocr_par' dir='ltr' id='par_1_15' title="bbox 172 3802 1293 4009">
     <span class='ocr_line' id='line_1_31' title="bbox 257 3802 1293 3884; baseline 0.003 -30"><span class='ocrx_word' id='word_1_180' title='bbox 257 3807 463 3854; x_wconf 73' lang='lat' dir='ltr'><strong>Ginnrcisusll</strong></span> <span class='ocrx_word' id='word_1_181' title='bbox 504 3802 521 3854; x_wconf 90' lang='grc'><strong>3</strong></span> <span class='ocrx_word' id='word_1_182' title='bbox 539 3804 684 3884; x_wconf 32' lang='lat' dir='ltr'><strong>propiis-l!</strong></span> <span class='ocrx_word' id='word_1_183' title='bbox 773 3802 967 3855; x_wconf 38' lang='lat' dir='ltr'><strong>saffirus!</strong></span> <span class='ocrx_word' id='word_1_184' title='bbox 988 3805 1104 3867; x_wconf 64' lang='lat' dir='ltr'><strong>owed,</strong></span> <span class='ocrx_word' id='word_1_185' title='bbox 1127 3821 1186 3856; x_wconf 70' lang='lat' dir='ltr'><strong>m</strong></span> <span class='ocrx_word' id='word_1_186' title='bbox 1203 3805 1293 3883; x_wconf 66' lang='lat' dir='ltr'><strong>prim</strong></span> 
     </span>
     <span class='ocr_line' id='line_1_32' title="bbox 172 3871 1290 3939; baseline 0.004 -17"><span class='ocrx_word' id='word_1_187' title='bbox 172 3873 333 3938; x_wconf 77' lang='lat' dir='ltr'><strong>syllabarum</strong></span> <span class='ocrx_word' id='word_1_188' title='bbox 352 3874 450 3923; x_wconf 76' lang='lat' dir='ltr'><strong>litteras</strong></span> <span class='ocrx_word' id='word_1_189' title='bbox 469 3872 519 3922; x_wconf 86' lang='lat' dir='ltr'><strong>Hr</strong></span> <span class='ocrx_word' id='word_1_190' title='bbox 534 3875 663 3937; x_wconf 58' lang='lat' dir='ltr'><strong>potuerim</strong></span> <span class='ocrx_word' id='word_1_191' title='bbox 686 3874 721 3938; x_wconf 77' lang='lat' dir='ltr'><strong>cs.</strong></span> <span class='ocrx_word' id='word_1_192' title='bbox 740 3872 804 3924; x_wconf 80' lang='lat' dir='ltr'><strong>Luc.</strong></span> <span class='ocrx_word' id='word_1_193' title='bbox 818 3879 856 3934; x_wconf 78' lang='lat'><strong>14,</strong></span> <span class='ocrx_word' id='word_1_194' title='bbox 866 3876 910 3924; x_wconf 84' lang='lat'><strong>33:</strong></span> <span class='ocrx_word' id='word_1_195' title='bbox 937 3874 982 3939; x_wconf 90' lang='lat' dir='ltr'><strong>qui</strong></span> <span class='ocrx_word' id='word_1_196' title='bbox 1007 3891 1059 3926; x_wconf 88' lang='lat' dir='ltr'><strong>non</strong></span> <span class='ocrx_word' id='word_1_197' title='bbox 1076 3871 1290 3926; x_wconf 58' lang='lat' dir='ltr'><strong>manthana}</strong></span> 
     </span>
     <span class='ocr_line' id='line_1_33' title="bbox 173 3936 1289 4009; baseline 0.005 -18"><span class='ocrx_word' id='word_1_198' title='bbox 173 3943 221 3992; x_wconf 83' lang='lat' dir='ltr'><strong>bus</strong></span> <span class='ocrx_word' id='word_1_199' title='bbox 243 3960 310 4007; x_wconf 84' lang='lat' dir='ltr'><strong>quse</strong></span> <span class='ocrx_word' id='word_1_200' title='bbox 333 3943 456 4007; x_wconf 88' lang='lat' dir='ltr'><strong>possidet,</strong></span> <span class='ocrx_word' id='word_1_201' title='bbox 482 3960 531 3992; x_wconf 87' lang='lat' dir='ltr'><strong>nou</strong></span> <span class='ocrx_word' id='word_1_202' title='bbox 556 3950 639 4008; x_wconf 79' lang='lat' dir='ltr'><strong>potest</strong></span> <span class='ocrx_word' id='word_1_203' title='bbox 661 3959 734 3992; x_wconf 84' lang='lat' dir='ltr'><strong>meus</strong></span> <span class='ocrx_word' id='word_1_204' title='bbox 757 3959 813 3993; x_wconf 84' lang='lat' dir='ltr'><strong>esse</strong></span> <span class='ocrx_word' id='word_1_205' title='bbox 830 3943 973 4009; x_wconf 83' lang='lat' dir='ltr'><strong>discipulus</strong></span> <span class='ocrx_word' id='word_1_206' title='bbox 1059 3936 1289 4006; x_wconf 62' lang='lat' dir='ltr'><strong>ddecuudmld</strong></span> 
     </span>
    </p>
   </div>
   <div class='ocr_carea' id='block_1_10' title="bbox 172 4009 1287 4145">
    <p class='ocr_par' dir='ltr' id='par_1_16' title="bbox 172 4009 1287 4145">
     <span class='ocr_line' id='line_1_34' title="bbox 172 4009 1287 4075; baseline 0.003 -15"><span class='ocrx_word' id='word_1_207' title='bbox 172 4010 234 4072; x_wconf 74' lang='lat' dir='ltr'><strong>(tc</strong></span> <span class='ocrx_word' id='word_1_208' title='bbox 254 4012 354 4066; x_wconf 38' lang='lat' dir='ltr'><strong>emtlrc</strong></span> <span class='ocrx_word' id='word_1_209' title='bbox 374 4011 416 4059; x_wconf 73' lang='lat' dir='ltr'><strong>l!</strong></span> <span class='ocrx_word' id='word_1_210' title='bbox 418 4028 461 4075; x_wconf 85' lang='lat' dir='ltr'><strong>p</strong></span> <span class='ocrx_word' id='word_1_211' title='bbox 530 4010 703 4062; x_wconf 81' lang='lat' dir='ltr'><strong>9Sioddidi</strong></span> <span class='ocrx_word' id='word_1_212' title='bbox 777 4009 1107 4074; x_wconf 56' lang='lat' dir='ltr'><strong>ffirsutioncdsskorr</strong></span> <span class='ocrx_word' id='word_1_213' title='bbox 1125 4018 1198 4070; x_wconf 41' lang='lat' dir='ltr'><strong>aa}</strong></span> <span class='ocrx_word' id='word_1_214' title='bbox 1213 4011 1287 4063; x_wconf 66' lang='lat' dir='ltr'><strong>m</strong></span> 
     </span>
     <span class='ocr_line' id='line_1_35' title="bbox 173 4079 1023 4145; baseline 0.001 -16"><span class='ocrx_word' id='word_1_215' title='bbox 173 4096 211 4130; x_wconf 86' lang='lat' dir='ltr'><strong>rs·</strong></span> <span class='ocrx_word' id='word_1_216' title='bbox 230 4081 329 4131; x_wconf 79' lang='lat' dir='ltr'><strong>litterae</strong></span> <span class='ocrx_word' id='word_1_217' title='bbox 347 4098 372 4129; x_wconf 92' lang='lat' dir='ltr'><strong>m</strong></span> <span class='ocrx_word' id='word_1_218' title='bbox 391 4080 511 4145; x_wconf 78' lang='lat' dir='ltr'><strong>sinsilcs),·</strong></span> <span class='ocrx_word' id='word_1_219' title='bbox 529 4082 684 4144; x_wconf 85' lang='lat' dir='ltr'><strong>mucisuop</strong></span> <span class='ocrx_word' id='word_1_220' title='bbox 771 4079 805 4131; x_wconf 79' lang='lat'><strong>25</strong></span> <span class='ocrx_word' id='word_1_221' title='bbox 822 4082 868 4131; x_wconf 72' lang='lat' dir='ltr'><strong>tati</strong></span> <span class='ocrx_word' id='word_1_222' title='bbox 887 4081 962 4132; x_wconf 85' lang='lat' dir='ltr'><strong>diunt</strong></span> <span class='ocrx_word' id='word_1_223' title='bbox 979 4080 1023 4130; x_wconf 59' lang='grc' dir='ltr'><strong>,Ψ</strong></span> 
     </span>
    </p>
   </div>
   <div class='ocr_carea' id='block_1_11' title="bbox 176 4251 1279 4386">
    <p class='ocr_par' dir='ltr' id='par_1_17' title="bbox 176 4251 1279 4386">
     <span class='ocr_line' id='line_1_36' title="bbox 259 4251 1279 4320; baseline 0.005 -20"><span class='ocrx_word' id='word_1_224' title='bbox 259 4256 419 4301; x_wconf 61' lang='lat' dir='ltr'><strong>(interesses</strong></span> <span class='ocrx_word' id='word_1_225' title='bbox 431 4255 462 4300; x_wconf 94' lang='lat' dir='ltr'><strong>ll.</strong></span> <span class='ocrx_word' id='word_1_226' title='bbox 499 4251 515 4302; x_wconf 92' lang='grc'><strong>6</strong></span> <span class='ocrx_word' id='word_1_227' title='bbox 533 4253 567 4317; x_wconf 77' lang='lat' dir='ltr'><strong>cs.</strong></span> <span class='ocrx_word' id='word_1_228' title='bbox 583 4252 664 4302; x_wconf 76' lang='lat' dir='ltr'><strong>Cato</strong></span> <span class='ocrx_word' id='word_1_229' title='bbox 680 4252 696 4312; x_wconf 85' lang='lat'><em>§</em></span> <span class='ocrx_word' id='word_1_230' title='bbox 706 4254 722 4302; x_wconf 78' lang='lat'>2</span> <span class='ocrx_word' id='word_1_231' title='bbox 739 4261 763 4303; x_wconf 78' lang='lat' dir='ltr'><strong>ct</strong></span> <span class='ocrx_word' id='word_1_232' title='bbox 779 4252 835 4303; x_wconf 79' lang='lat' dir='ltr'><strong>Ter.</strong></span> <span class='ocrx_word' id='word_1_233' title='bbox 849 4252 934 4303; x_wconf 77' lang='lat' dir='ltr'><strong>Andr.</strong></span> <span class='ocrx_word' id='word_1_234' title='bbox 948 4251 1042 4316; x_wconf 62' lang='lat' dir='ltr'><strong>Has</strong></span> <span class='ocrx_word' id='word_1_235' title='bbox 1058 4269 1142 4320; x_wconf 73' lang='lat' dir='ltr'><strong>usquc</strong></span> <span class='ocrx_word' id='word_1_236' title='bbox 1153 4252 1279 4314; x_wconf 61' lang='lat' dir='ltr'><strong>isdem</strong></span> 
     </span>
     <span class='ocr_line' id='line_1_37' title="bbox 176 4320 694 4386; baseline -0.002 -15"><span class='ocrx_word' id='word_1_237' title='bbox 176 4320 237 4371; x_wconf 74' lang='lat' dir='ltr'><strong>alibi</strong></span> <span class='ocrx_word' id='word_1_238' title='bbox 256 4321 302 4369; x_wconf 90' lang='lat' dir='ltr'><strong>tibi</strong></span> <span class='ocrx_word' id='word_1_239' title='bbox 320 4322 368 4369; x_wconf 81' lang='lat' dir='ltr'><strong>erit</strong></span> <span class='ocrx_word' id='word_1_240' title='bbox 385 4337 494 4386; x_wconf 85' lang='lat' dir='ltr'><strong>usquam</strong></span> <span class='ocrx_word' id='word_1_241' title='bbox 512 4323 539 4371; x_wconf 93' lang='lat' dir='ltr'><strong>in</strong></span> <span class='ocrx_word' id='word_1_242' title='bbox 557 4338 597 4370; x_wconf 84' lang='lat' dir='ltr'><strong>me</strong></span> <span class='ocrx_word' id='word_1_243' title='bbox 616 4336 694 4371; x_wconf 80' lang='lat' dir='ltr'><strong>mora.</strong></span> 
     </span>
    </p>
   </div>
   <div class='ocr_carea' id='block_1_12' title="bbox 0 0 1460 5024">
    <p class='ocr_par' dir='ltr' id='par_1_18' title="bbox 0 0 1460 5024">
     <span class='ocr_line' id='line_1_38' title="bbox 0 0 1460 5024; baseline 0 0"><span class='ocrx_word' id='word_1_244' title='bbox 0 0 1460 5024; x_wconf 95' lang='lat' dir='ltr'><strong> </strong></span> 
     </span>
    </p>
   </div>
  </div>
 </body>
</html>
