2962 5506
546 842 809 899 HROTSVITHAE
827 842 956 900 OPERA.

287 1017 416 1098 Nitens,
439 1023 568 1082 seruata
590 1017 675 1082 bene
698 1016 883 1102 virginitate
907 1016 1005 1082 beata

287 1103 450 1190 Spemere
474 1103 620 1169 carnales
644 1102 780 1168 affectus
802 1104 930 1168 fortiter
952 1121 1076 1184 omnes,

286 1190 429 1256 Caelibis
453 1197 486 1255 et
508 1191 596 1255 vitae
620 1189 736 1255 durum
758 1191 922 1255 luctamen
942 1190 1035 1271 inire,

286 1277 359 1351 Quo
382 1279 499 1343 victrix
520 1277 621 1342 hostis
643 1277 861 1362 corruptelam
883 1275 1049 1342 suadentis

288 1363 384 1449 Iungi
406 1364 569 1429 caelicolis
593 1364 763 1428 mansisset
785 1365 818 1427 in
842 1363 976 1429 aethere
1000 1360 1131 1428 sanctis.

329 1450 402 1532 Ast,
425 1450 481 1515 ubi
503 1451 605 1514 lustra
627 1449 690 1515 duo
713 1450 813 1515 celeri
835 1470 931 1515 cursu
953 1449 1114 1531 revoluta,

285 1535 424 1623 Insuper
446 1543 480 1601 et
502 1543 611 1601 ternos
635 1538 752 1601 aetatis
774 1537 901 1601 transiit
922 1555 1035 1617 annos,

285 1621 483 1709 Simphronii
506 1624 639 1706 comitis,
662 1622 821 1709 praefecti
843 1623 968 1688 scilicet
989 1622 1090 1701 urbis,

284 1708 386 1774 Filius
408 1711 541 1795 insignis
562 1710 713 1774 iuvenilis
735 1715 908 1774 stemmate
930 1710 1029 1792 floris,

286 1795 377 1861 Ilhus
400 1797 525 1861 formae
549 1795 649 1861 decus
670 1802 707 1860 ut
728 1795 810 1861 vidit
831 1796 1011 1883 speciosae,

284 1882 418 1948 Affectu
438 1883 538 1947 nimio
562 1882 667 1948 cordis
690 1902 865 1968 suspensus
886 1883 920 1947 in
941 1883 998 1948 illa

283 1967 379 2034 Hanc
402 1969 464 2034 sibi
485 1989 566 2055 prae
588 1970 712 2035 cunctis
734 1989 832 2033 unam
855 1967 979 2054 delegit
1000 1965 1186 2047 amandam,

286 2053 330 2121 Se
353 2057 552 2121 fortunatum
575 2056 712 2122 credens
736 2062 770 2121 et
791 2055 968 2120 honoribus
991 2060 1117 2141 aptum,

285 2140 320 2206 Si
343 2148 410 2207 tam
435 2143 669 2229 praepulchrae
693 2143 865 2206 meruisset
887 2141 1011 2207 habere
1035 2142 1167 2243 puellae

287 2228 404 2294 Dulcia
424 2249 485 2315 per
507 2230 659 2315 propriae
683 2236 812 2314 tempus
835 2229 997 2293 consortia
1019 2235 1120 2295 ustae.

285 2314 371 2380 Hinc
394 2316 483 2379 illam
506 2317 615 2380 multis
638 2314 718 2379 adiit
739 2316 912 2380 comitatus
935 2316 1057 2397 amicis,

284 2401 494 2489 Desponsata
517 2403 630 2467 uolens
653 2423 805 2488 sponsam
829 2400 949 2466 Christi
970 2401 1201 2486 venerandam,

283 2487 447 2574 Pluraque
471 2487 512 2552 de
535 2489 636 2575 patris
661 2495 866 2574 comportans
888 2507 1023 2553 munera
1046 2489 1138 2589 gazis

284 2574 408 2640 Stultus
431 2577 583 2661 speravit,
608 2575 695 2661 qnod
717 2580 908 2661 perpetrare
931 2575 1088 2660 nequivit,

282 2661 426 2746 Virginis
449 2669 484 2725 ut
507 2662 657 2726 stabilem
680 2661 773 2726 donis
796 2680 1003 2747 corrumpere
1025 2667 1172 2727 mentem

282 2749 373 2813 Hhus
397 2755 430 2812 et
452 2749 539 2834 turpi
562 2749 758 2833 coniungere
781 2754 894 2833 posset
916 2748 1028 2812 amori.

283 2833 350 2898 Sed
373 2833 492 2898 Christi
515 2835 616 2918 virgo,
640 2855 796 2920 spernens
819 2855 880 2899 ceu
901 2839 1045 2899 stercora
1068 2832 1166 2919 dona,

282 2919 416 2985 Pondus
440 2927 473 2984 et
496 2920 597 2985 oblati
620 2921 801 3006 dedignans
823 2922 970 3007 protinus
992 2920 1073 3001 auri,

284 3006 500 3092 Splendorem
523 3027 652 3092 quoque
675 3028 879 3093 gemmarum
902 3007 1033 3072 rutilum
1054 3007 1227 3089 variarum,

284 3093 346 3158 His
368 3092 477 3157 verbis
499 3093 649 3157 iuvenem
673 3095 798 3159 causari
820 3094 923 3159 fertur
944 3099 1126 3158 amentem:

282 3178 322 3245 ‘0
346 3180 390 3243 fili
414 3181 525 3243 mortis
548 3181 663 3245 merito
688 3180 894 3266 dampnanda
918 3180 1081 3266 parennis,

283 3264 312 3331 Ο
336 3266 440 3330 fomes
463 3266 605 3348 sceleris,
629 3273 833 3353 contemptor
855 3273 889 3331 et
912 3267 1154 3353 omnipotentis,

281 3352 462 3418 Discedens
486 3374 506 3416 a
528 3374 580 3418 me
605 3354 697 3418 citius
719 3352 874 3438 fugiendo
897 3352 1027 3434 recede,

280 3438 350 3503 Nec
373 3439 498 3519 credas,
522 3446 555 3503 te
578 3461 675 3526 posse
698 3461 806 3504 meum
830 3447 1019 3527 pervertere
1042 3459 1160 3524 purum

280 3524 354 3605 Cor,
378 3525 465 3611 quod
488 3528 642 3591 amatoris
663 3528 833 3612 praevenit
854 3527 1020 3591 nobilioris

281 3611 392 3676 Dulcis
416 3633 517 3694 amor,
541 3614 711 3699 pulchrum
735 3614 825 3677 cuius
846 3613 923 3677 fidei
944 3612 1014 3677 iero
1037 3611 1165 3696 signum

279 3697 318 3762 In
341 3699 424 3762 facie
447 3720 573 3763 summa
594 3720 721 3764 necnon
745 3700 778 3763 in
801 3719 936 3800 corpore
960 3706 1040 3779 toto,

281 3782 352 3856 Quo
376 3806 429 3849 me
452 3787 593 3870 signarit
615 3787 815 3872 strictimque
839 3785 901 3850 sibi
922 3785 1083 3870 religavit,

278 3869 328 3934 Ne
352 3891 426 3934 mea
448 3893 540 3936 mens
563 3873 661 3937 alium
684 3874 749 3936 iam
772 3873 1043 3959 praesumpsisset
1065 3871 1207 3937 amicum

170 3981 196 4020 ro
282 3955 459 4036 Quaerere,
482 3958 542 4023 sed
564 3961 668 4023 solum
691 3960 864 4045 complecti
887 3957 1028 4024 disceret
1049 3958 1152 4041 illum,

281 4042 345 4116 Qui
367 4044 486 4108 virtute
508 4051 625 4131 potens
649 4046 801 4131 omnique
825 4045 944 4110 decore
967 4045 1135 4130 refulgens

279 4128 447 4193 Caelestes
470 4136 505 4194 et
526 4133 680 4196 mortales
703 4133 924 4219 supereminet
946 4151 1070 4199 omnes.

255 4285 291 4338 44
309 4288 432 4339 iuuenilis
449 4287 475 4350 (l
493 4304 525 4338 car
542 4288 563 4351 i)
581 4288 616 4338 Μ
689 4289 722 4341 51
742 4291 805 4341 adiit
823 4291 912 4341 multis
929 4288 973 4340 M:
990 4289 1092 4341 cerras·
1171 4285 1208 4342 68

171 4356 252 4409 Celtss
322 4355 433 4409 58dedi
471 4354 1127 4427 sns(postesiornesccrr.)l!;dedignatnsp
1248 4373 1262 4408 r

169 4425 254 4477 larum
272 4425 347 4492 M¹p¹
453 4426 469 4477 2
487 4429 568 4478 sames
587 4426 620 4476 Μ
622 4445 629 4477 :
647 4429 750 4479 correct
767 4445 799 4480 ex
817 4428 995 4481 Pseneros.
1008 4430 1056 4492 1,3
1073 4425 1178 4480 diseede
1194 4441 1213 4479 a
1228 4441 1262 4479 ω

169 4496 251 4547 tomes
269 4497 368 4563 peccati
420 4496 524 4548 sceleris
542 4493 567 4560 (r
584 4512 616 4548 ec
633 4496 714 4562 corr.)
732 4497 767 4547 M

255 4630 290 4683 38
313 4631 347 4695 cs.
370 4634 434 4686 Bas.
456 4637 515 4685 220.
611 4632 644 4685 41
661 4652 697 4700 sq.
720 4635 908 4687 Pa-Ambrcs.
931 4633 978 4698 (A.
993 4633 1022 4686 S.
1045 4633 1107 4686 Ian.
1131 4633 1169 4685 Il
1189 4634 1262 4699 85101

169 4706 258 4765 c.1,1
283 4704 358 4753 tertio
384 4704 482 4755 decimo
509 4705 602 4754 aetatis
629 4720 692 4755 suae
720 4722 789 4756 arrno
816 4713 922 4757 mortem
950 4704 1071 4772 perdidit.
1094 4703 1177 4756 vitam
1203 4704 1262 4755 inre

169 4768 204 4822 45
220 4786 254 4822 ec.
273 4770 333 4822 dum
352 4788 368 4822 a
385 4773 479 4824 scholis
497 4782 668 4825 reverteretur
685 4770 845 4837 (Pa-Amor.
858 4791 877 4825 c.
891 4780 913 4837 1,
924 4775 959 4838 2).
1047 4772 1082 4826 72
1100 4773 1135 4840 cs.
1151 4768 1225 4840 Verg,
1243 4772 1262 4822 A

176 4839 279 4893 71866
297 4841 365 4892 viros
382 4843 554 4909 supereminet
572 4859 670 4894 omncs.
