2910 5024
257 313 308 368 158
622 309 884 365 HROTSVITHAE
903 310 1033 368 OPERA.

93 457 239 611 fflffl}
345 483 461 549 Masis.
510 483 694 548 Enormitas
724 489 930 570 peccatorum
957 486 963 563 Ι
988 486 1163 570 prostravit
1192 506 1246 551 me
1276 487 1310 552 in
1337 487 1392 553 de·

257 571 449 658 sperationis
471 569 701 657 profundum!

193 664 231 724 10
342 658 509 721 assium.
554 656 696 721 Peccata
719 655 850 742 quidem
879 661 936 720 tua
953 656 959 740 Ι
978 662 1054 720 sunt
1082 657 1215 742 gravia,
1247 657 1391 727 fateorz¹

257 742 317 808 sed
338 764 477 828 superna
499 744 606 827 pietas
621 744 724 807 maior
742 744 748 825 Ι
767 749 817 806 est
833 743 919 806 omni
934 749 1092 808 creatura
1111 746 1118 826 Ι
1137 742 1235 808 Unde
1252 744 1393 809 matitia

256 849 371 914 rumpe
391 827 396 913 Ι
416 828 593 915 datumque
615 827 803 916 poenitendi
825 829 998 914 spatiolum
1019 829 1204 915 pigritando
1226 830 1294 895 noli
1316 850 1393 917 neg·
1418 846 1428 883 ⁸

255 917 379 1001 legere,
393 916 397 999 l
411 917 559 1001 quatinus
575 914 840 1000 superhabundet
853 914 939 980 divin
950 917 1088 1001 agretia,
1102 915 1161 981 ubi
1172 916 1393 1003 superhabun-

256 1001 346 1066 davit
367 1002 545 1067 facinorum
568 1002 775 1066 abominatio.

342 1086 460 1153 Manu.
505 1086 540 1152 Si
562 1088 629 1151 ulla
651 1085 888 1173 promerendae
911 1107 987 1173 spes
1008 1087 1126 1153 veniae
1149 1087 1286 1170 inesset,
1304 1090 1312 1172 Ι
1329 1095 1393 1155 etn-

257 1173 343 1238 dium
366 1174 554 1260 poenitendi
578 1175 709 1238 minime
733 1172 872 1237 deesset.
893 1175 898 1253 1

193 1262 227 1321 lt
340 1259 506 1326 mannan.
540 1259 697 1325 Miserere
713 1279 818 1341 meae,
834 1279 931 1344 quam
946 1278 1005 1345 pro
1019 1264 1052 1322 te
1069 1257 1163 1340 subii,
1179 1259 1392 1341 lassitudinis!
1409 1288 1432 1329 a

257 1352 290 1410 et
313 1344 441 1431 depone
464 1347 678 1431 perniciosam
702 1346 974 1431 desperationem,
994 1346 999 1424 Ι
1020 1364 1117 1430 quam
1140 1345 1294 1411 omnibus
1308 1366 1394 1412 conr·

255 1432 359 1496 missis
379 1432 383 1515 Ι
403 1452 467 1496 non
482 1434 642 1496 nescimus
665 1453 737 1497 esse
752 1433 945 1517 graviorem.
965 1434 970 1510 Ι
991 1429 1055 1504 Qui
1076 1431 1164 1496 enim
1186 1432 1397 1518 peccantibus

256 1518 354 1584 deum
376 1519 522 1584 misereri
538 1519 623 1583 velle
646 1519 808 1603 desperat,
823 1517 827 1603 Ι
841 1516 1130 1583 inremediabiliter
1150 1526 1280 1619 peccat,
1293 1520 1299 1603 1
1312 1521 1396 1607 qnia,
1409 1532 1449 1599 [ιι

255 1606 339 1670 sicut
354 1605 493 1669 scintilla
508 1606 604 1670 silicis
625 1606 762 1755 pelapns
777 1606 889 1690 nequit
905 1605 1117 1686 inflammare,
1133 1606 1137 1688 Ι
1151 1611 1198 1669 rta
1212 1612 1396 1671 nostrorum

255 1691 416 1757 acerbitas
444 1693 667 1776 peccaminum
720 1691 826 1755 ivinae
857 1688 1062 1755 dulcedinem
1090 1689 1306 1776 benignitah‘s
1333 1713 1396 1759 non
1412 1718 1435 1759 u

256 1779 344 1844 valet
366 1778 536 1843 inmutare.
557 1781 562 1857 Ι

193 1861 231 1923 12
343 1863 462 1928 Maura.
485 1863 560 1928 Non
576 1863 661 1928 enim
677 1881 836 1946 supernae
852 1860 1125 1946 magnificentiam
1138 1863 1275 1948 pietatis
1290 1880 1396 1950 nega·

256 1948 315 2014 sed
344 1951 465 2050 proprii
498 1950 723 2014 enormitatem
754 1949 886 2012 sceleris
915 1946 1149 2013 considerando
1174 1950 1181 2031 Ι
1204 1948 1251 2014 ad
1280 1949 1399 2036 dignae

256 2036 509 2100 satisfactionem
533 2036 753 2121 poenitentiae
773 2037 779 2114 Ι
798 2053 914 2098 vereor
936 2054 1001 2098 non
1023 2033 1182 2099 sufficere.
1203 2039 1209 2118 Ι

341 2121 506 2186 maurina.
551 2121 590 2185 In
605 2142 658 2185 me
674 2123 714 2184 sit
729 2121 880 2206 iniquitas
895 2125 966 2194 tua
990 2120 1214 2186 tantummodo
1230 2128 1397 2189 revertere
1412 2150 1435 2191 a

257 2206 299 2271 ad
314 2208 430 2288 locum,
453 2207 540 2272 unde
557 2209 663 2287 existi,
684 2209 689 2290 1
709 2213 744 2271 et
765 2208 810 2271 ini
825 2205 967 2271 secundo
984 2208 1278 2290 conversationem,
1301 2229 1398 2297 qnam

258 2294 436 2360 deseruisti.

191 2385 228 2446 13
342 2298 462 2446 Meam.¹
504 2379 542 2443 In
564 2379 652 2441 nullo
676 2399 829 2465 umquam
852 2379 899 2443 tui
921 2379 1005 2443 votis
1027 2379 1160 2461 renitor,
1179 2379 1186 2463 1
1204 2378 1282 2461 sed,
1315 2400 1399 2469 quae

256 2467 360 2546 iubes,
385 2466 649 2551 obtemperanter
673 2466 887 2550 amplector!

344 2552 511 2618 Asanam.
556 2551 650 2615 Nunc
672 2551 792 2633 fateor,
824 2557 856 2615 te
880 2570 957 2615 vere
980 2570 1097 2631 meam,
1117 2552 1122 2634 Ι
1143 2571 1243 2637 quam
1269 2554 1431 2635 nutriris

107 2721 164 2771 Μ
183 2706 232 2756 233
257 2638 371 2711 filiam;
392 2646 396 2709 Ι
415 2659 499 2703 nunc
523 2658 651 2738 censeo,
675 2643 708 2701 te
731 2658 810 2723 prae
834 2638 981 2738 omnibus
1004 2636 1073 2702 fore
1095 2636 1335 2739 diligendam!
1368 2728 1376 2743 .

196 2775 233 2836 ¹4
257 2818 313 2874 aa
338 2724 461 2875 llll·
474 2725 863 2892 tutlttttlllttt
879 2730 1081 2895 {fautu
1106 2725 1278 2809 ¹'⁰⁸“‘¹⁰⁰‘
1298 2727 1307 2811 ¹
1324 2724 1396 2813 ‘¹⁰¹⁸

344 2898 509 2962 Aaaluau.
556 2895 648 2969 Quae
671 2894 838 2982 adquisisti
860 2893 1036 2982 peccando,
1059 2915 1132 2960 cum
1154 2896 1233 2983 ipsis
1256 2899 1395 2984 peccat‘n

257 2990 330 3047 sunt
353 2983 558 3057 abicienda!
1405 3009 1427 3050 a

342 3069 458 3135 Maura.
504 3069 615 3133 Rebar
644 3069 840 3154 pauperibus
871 3066 1046 3153 eroganda,
1074 3068 1078 3149 1
1103 3088 1163 3134 seu
1192 3071 1297 3135 sacris
1325 3091 1392 3137 ease

255 3156 410 3220 altaribus
434 3154 635 3238 offerendal

341 3242 507 3306 Aenariam
551 3240 626 3304 Non
651 3241 728 3303 satis
751 3238 952 3324 acceptabile
976 3259 1091 3303 munus
1122 3237 1186 3305 deo
1210 3261 1287 3309 esse
1309 3263 1391 3310 com·

256 3328 424 3413 probatur,
444 3332 449 3409 Ι
470 3327 556 3414 quod
582 3326 765 3391 criminibus
788 3323 975 3411 adquiritur.
996 3328 1001 3404 Ι

344 3413 460 3478 Mssa.
506 3412 603 3478 Nulla
626 3434 723 3498 super
745 3413 795 3476 his
817 3412 902 3475 ultra
924 3409 1137 3475 sollicitudine
1159 3411 1293 3499 fatigar.
1402 3440 1423 3481 a

194 3519 232 3577 15
343 3500 507 3564 Asnaulu.
552 3499 677 3563 Matuta
699 3499 837 3577 nitescit,
857 3503 862 3577 Ι
882 3499 1027 3561 lucessit:
1049 3507 1054 3573 Ι
1074 3496 1242 3567 abeamus.

341 3653 358 3706 4
381 3656 502 3707 tristiciae
526 3655 599 3721 de:
623 3657 715 3708 triscas
736 3655 797 3721 (ric)
819 3656 880 3737 Μ’.
948 3654 966 3708 ὅ
987 3656 1091 3722 neglere
1108 3655 1141 3708 Μ
1227 3655 1348 3723 Θᾶίξπι
1363 3658 1391 3709 Ι

291 3759 529 3825 superhabundavit
540 3760 576 3809 sic
589 3758 618 3808 ll
688 3756 705 3809 8
716 3775 761 3824 spe
773 3775 820 3823 sue
832 3742 899 3821 ueris
910 3754 972 3840 (sic)
985 3758 1026 3809 df:
1041 3758 1143 3811 correcti
1196 3758 1228 3811 ll
1241 3761 1341 3831 dapne
1350 3761 1390 3815 1¹

257 3862 290 3915 14
311 3863 391 3913 silicis
415 3859 446 3924 (li
470 3860 497 3910 in
519 3878 572 3910 rar.
596 3878 628 3909 m.
641 3861 668 3924 2)
690 3859 722 3908 J!
825 3858 859 3911 18
884 3844 922 3929 91¹³
941 3860 974 3910 l!
1075 3858 1108 3913 19
1130 3864 1343 3919 Μίώώσω
1362 3862 1393 3917 Ι

255 3931 289 3983 ‘23
317 3933 412 3983 renitor
443 3931 510 3981 uotis
537 3930 579 3979 ll:
609 3931 710 3980 correxi
736 3930 795 3981 coll.
823 3930 918 3983 Atat
944 3931 987 3995 §2
1089 3926 1125 3981 27
1150 3928 1227 4001 qnid]
1245 3934 1284 4015 ⁴1¹¹
1305 3935 1342 3987 ἀι
1362 3932 1391 3985 Ι

255 4016 289 4068 32
307 4016 428 4081 offerant!
448 4016 484 4079 ll,
504 4002 634 4076 offerenfit
649 4032 668 4080 Ρ

343 4152 375 4204 18
401 4156 435 4218 cf.
454 4171 524 4204 conc.
543 4153 663 4217 ,equam
681 4170 705 4201 a.
722 4155 770 4203 816
787 4170 807 4204 c.
822 4157 853 4205 18
870 4151 971 4215 (Mami
981 4151 1054 4203 XIV
1070 4152 1116 4204 eol.
1130 4150 1225 4219 mv:
1248 4171 1316 4224 μω
1335 4166 1387 4208 tan·

256 4223 461 4358 1113ιηῖιὲᾳὲεῶιί
479 4223 583 4287 dignam
602 4223 773 4287 poenitentiae
792 4223 992 4274 satisfactionem
1010 4230 1099 4274 utatur
1115 4232 1143 4274 at
1159 4240 1237 4291 aqua.
1305 4222 1339 4277 Ti
1354 4224 1387 4289 cs.
