2910 5024
548 357 562 411 Ι
579 356 605 412 8.
623 359 721 426 Apsos.
1171 358 1206 416 95

173 531 267 597 Hunc
290 531 360 596 sine
382 536 488 594 matre
510 535 605 616 pater
628 529 699 594 cani
722 534 809 594 retro
831 535 981 616 tempora
1003 530 1114 596 mundi

173 619 210 683 In
232 618 356 683 deitate
379 636 493 703 parem
515 635 577 680 nee
597 616 771 681 maiestate
793 617 953 681 minorem

175 705 387 791 Omnipotens
410 703 532 788 genuit,
555 722 735 788 perquem
759 703 821 768 sibi
843 704 974 768 saecula
996 703 1088 774 fecit:

172 791 213 855 Et
235 793 305 856 sine
327 796 421 877 patre
445 787 576 875 quidem
598 796 704 853 mater
724 788 874 875 pariebat
897 789 1047 870 eundem,

171 878 344 943 Fautorem
367 878 531 962 proprium
555 876 678 939 lactans
700 875 760 940 sub
785 882 932 962 tempore
954 883 1077 942 natum.

172 963 272 1029 Cuius
292 962 543 1050 praepulchram
566 963 725 1026 mirantur
746 961 887 1048 denique
910 963 1047 1028 formam

171 1050 293 1123 Solaria
317 1049 481 1135 splendor,
505 1050 601 1113 lunae
624 1049 767 1113 renitens
791 1069 920 1135 quoque
945 1049 1075 1130 candor,

172 1136 362 1202 Laudantes
383 1134 482 1200 radiis
504 1135 669 1200 dominum
693 1134 892 1220 fulgentibus
916 1136 1018 1210 orbis;

170 1223 268 1288 Cuius
293 1229 327 1287 et
348 1224 484 1308 imperio
508 1222 699 1286 famulantia
721 1222 841 1308 sydera
863 1230 979 1287 cuncta

170 1310 237 1374 Illis
259 1311 437 1374 iniunctum
460 1309 624 1394 complent
645 1329 705 1394 per
727 1315 875 1395 tempora
899 1329 1044 1383 oursum;

170 1396 239 1477 Cui,
263 1396 503 1462 conclamantes
527 1394 696 1479 condignis
718 1394 879 1478 laudibus,
903 1416 1015 1460 omnes

170 1481 291 1548 Coetus
313 1483 452 1568 angelici
475 1503 541 1546 non
563 1481 723 1546 desistunt
744 1481 906 1556 famulari3

171 1567 252 1634 Mira
275 1569 326 1634 cui
348 1569 477 1634 bonitas
500 1574 551 1633 est
573 1574 607 1632 et
628 1568 798 1654 praecelsa
820 1574 977 1655 potestas,

170 1655 281 1720 Gloria
304 1655 459 1736 sublimis,
481 1676 601 1741 perpes
625 1654 797 1720 concordia
819 1657 920 1740 pacis,

169 1740 358 1807 Laudabilis
379 1742 486 1827 pietas
508 1742 706 1827 nimiumque
729 1741 872 1826 benigna
895 1741 1053 1805 voluntas.

170 1827 255 1893 Talis
277 1849 419 1914 namque
442 1848 544 1910 meus,
568 1848 665 1914 quem
689 1827 799 1912 diligo,
823 1833 949 1892 constat
972 1827 1104 1905 amicus,

170 1913 273 1987 Quem
297 1915 403 1980 lateor
424 1916 529 1979 solum
551 1935 631 2000 prae
654 1915 776 1980 cunctis
800 1934 871 1978 esse
896 1912 1077 1979 colendum.

168 1999 226 2066 Ille
250 2001 384 2088 quidem
406 2001 481 2065 talis
504 2021 557 2065 me
580 2000 789 2086 desponsavit
810 2003 929 2065 amoris

166 2085 309 2174 Pignore
333 2108 393 2152 ceu
416 2109 579 2173 sponsam,
603 2089 691 2152 clara
713 2087 856 2152 dotando
881 2107 1010 2167 corona,

164 2175 276 2260 Atque
299 2195 408 2239 meum
429 2175 567 2259 gemmis
590 2175 707 2239 collum
730 2175 830 2239 cinxit
851 2175 1013 2259 pretiosis,

163 2260 309 2326 Auribus
331 2268 366 2326 et
387 2261 633 2346 resplendentes
657 2261 825 2347 suspendit
848 2263 986 2343 inaures,
1197 2268 1248 2336 fot.
1261 2273 1309 2322 ⁷0¹

160 2344 336 2413 Praebens
360 2354 491 2412 ornatus
513 2348 594 2411 rarii
617 2348 722 2413 claros
744 2347 823 2411 mihi
846 2349 960 2414 cultus.

160 2431 273 2521 Ipsius
296 2441 385 2499 certe
408 2433 546 2498 dulcedo
569 2434 662 2498 fluxit
684 2433 726 2498 ab
750 2455 816 2514 ore,

159 2520 259 2593 Quae
283 2541 336 2585 me
359 2522 501 2599 lactavit,
525 2520 612 2585 dulei
632 2527 793 2607 pastuque
817 2519 946 2601 cibavit,

159 2605 236 2671 Ceu
258 2614 371 2672 nectar
393 2607 508 2686 mellis,
531 2608 638 2671 suavis
662 2608 714 2671 vel
737 2607 832 2693 eopia
852 2606 955 2670 lactis.

156 2691 303 2779 Insuper
326 2701 359 2758 et
380 2693 557 2757 thalamum
580 2694 729 2757 mihimet
751 2694 931 2757 construxit
951 2693 985 2757 in
1007 2715 1123 2760 aevum

155 2778 346 2845 Lucentem
369 2781 507 2864 gemmis
530 2781 626 2844 variis
649 2781 783 2864 aurique
806 2780 956 2860 metallis,

159 2866 299 2952 Organa
320 2866 470 2931 melodiis
493 2868 526 2930 in
549 2887 613 2952 quo
636 2866 818 2930 resonando
842 2867 967 2930 canoris

160 2951 305 3017 Carmen
330 2951 424 3017 dulce
447 2954 525 3017 mihi
548 2959 680 3018 cantant
701 2974 762 3038 per
783 2959 933 3038 tempora
955 2953 1055 3016 saecli

160 3038 207 3103 Et
229 3040 361 3125 pariter,
385 3041 495 3125 sponsi
518 3039 631 3104 laudes
654 3039 856 3103 modulantia
878 3039 954 3120 cari,

160 3125 253 3190 Illius
276 3126 430 3190 allectum
452 3147 582 3212 semper
603 3125 741 3190 suadent
763 3127 841 3189 mihi
864 3132 997 3190 castum.

163 3212 296 3277 Allecto
320 3232 417 3297 quem
440 3220 567 3277 secreto
594 3212 692 3296 (cum)
717 3212 823 3277 cordis
846 3212 974 3289 amabo,

161 3297 261 3363 Nulla
305 3300 436 3363 uellaris
459 3301 565 3384 patior
588 3297 784 3363 detrimenta
806 3297 951 3384 pudoris;

163 3384 235 3466 Ast,
259 3322 315 3450 ubi
337 3385 420 3450 forte
444 3387 493 3449 sui
515 3406 643 3450 merear
666 3385 889 3471 complexibus
911 3386 959 3449 uti

162 3471 241 3535 Eius
265 3478 299 3536 et
321 3473 354 3535 in
376 3472 554 3536 thalamum
578 3492 771 3556 sponsarum
793 3491 884 3535 more
908 3491 1077 3536 coruscum

163 3556 257 3639 Duci,
280 3578 457 3644 permaneo
481 3560 572 3643 virgo
596 3559 665 3622 sine
689 3556 785 3622 sorde
808 3556 936 3643 pudica.

164 3642 224 3708 Oui
247 3644 377 3709 debebo
401 3645 499 3709 fidem
523 3645 583 3709 soli
605 3665 735 3709 servare
758 3665 953 3729 perennem:

164 3728 231 3816 Ipsi
253 3751 306 3795 me
330 3737 400 3795 toto
425 3731 531 3796 cordis
554 3732 721 3795 conamine
746 3730 866 3795 credo?

204 3817 266 3881 His
288 3819 387 3881 miser
408 3817 536 3898 auditis,
560 3818 689 3904 spiculis
711 3818 876 3904 perfossus
899 3816 1027 3896 amoris,

161 3902 335 3988 Ingemuit,
359 3904 472 3969 crebro
496 3904 617 3984 ducens
640 3905 777 3989 suspiria
799 3906 907 3988 longa,

139 4057 173 4111 'll
191 4064 284 4115 Factor
302 4071 342 4113 est
359 4061 392 4112 Μ
407 4062 435 4127 (i.
448 4080 469 4114 e.
488 4065 596 4114 Factore
614 4063 683 4114 mole
699 4063 822 4123 solutum)
919 4058 954 4111 82
971 4059 1092 4111 iniuncttl
1109 4059 1146 4110 sic
1164 4057 1198 4108 Μ

109 4133 259 4183 ῆωῐοοοῐε
277 4133 289 4194 (
306 4133 312 4144 ’
323 4130 337 4193 )
355 4130 390 4181 Μ
462 4130 497 4183 94
515 4133 574 4183 uari
592 4131 624 4181 Μ
693 4129 744 4183 100
761 4133 867 4196 Orgona
884 4128 918 4179 Μ
985 4125 1037 4180 104
1053 4144 1113 4179 cum
1131 4128 1195 4180 cdd.

109 4202 137 4242 ’θ
204 4200 255 4253 109
268 4202 359 4253 delebo
372 4198 432 4266 (ric)
445 4200 476 4250 M
541 4198 686 4252 uecordia
698 4199 719 4265 (1
731 4217 763 4252 ea
774 4200 799 4263 e)
815 4199 847 4249 Μ
911 4194 962 4251 112
974 4198 1051 4251 crebo
1063 4198 1152 4250 dicens
1163 4198 1196 4249 Μ

109 4261 372 4289 ᾖ.

142 4319 233 4388 9οηᾳ.
251 4324 286 4389 cs.
306 4320 412 4388 Kocpkc
427 4338 454 4386 p.
463 4325 501 4372 57.
572 4317 605 4372 97
626 4321 662 4388 cf.
678 4320 751 4387 Verp.
770 4320 896 4383 ccl.1,82
912 4318 1194 4388 (=9eor9.111308)

109 4391 127 4431 Β
147 4389 226 4443 laetis.
316 4388 367 4442 106
385 4390 420 4456 cs.
439 4388 502 4441 Bor.
516 4392 557 4442 90.
646 4388 695 4440 111
715 4390 749 4456 cf.
768 4388 882 4442 Bauer.
