2910 5024
598 302 860 359 Haousvlrflss:
879 302 1010 359 OPERA.

347 479 441 544 Haeo
463 476 621 558 recolens,
644 495 795 561 proceres
816 475 909 559 regni
930 474 1094 559 rogitabat
1116 478 1249 562 heriles,

344 567 398 632 An
421 561 588 630 redeundo
611 564 699 649 magi
721 563 886 626 venissent
909 569 1018 626 mente
1041 563 1129 630 fideli

346 652 410 718 Vel
433 648 511 738 quid
534 650 574 714 de
597 656 674 714 nato
698 649 933 713 demandarent
955 648 1017 713 sibi
1039 648 1182 719 Christo.

346 740 408 815 Qui
431 758 509 802 mox
530 738 692 822 responsis
715 738 837 821 pariter
859 735 969 799 dicunt
991 735 1075 801 bene
1097 739 1208 822 firmis,

344 826 387 891 Se
410 825 545 904 nescire,
568 825 654 909 magi
678 823 797 887 fuerint
819 823 846 886 si
869 822 952 885 forte
975 826 1108 906 reversi,

344 913 375 977 N
378 933 415 977 ec
439 909 516 997 quid
540 910 679 976 donato
704 929 776 974 sese
799 907 984 995 perdiscere
1007 930 1096 997 rege.

387 998 449 1063 His
470 1018 568 1084 super
589 1017 744 1061 accensus
766 1016 827 1060 rex
848 994 1000 1060 Herodes
1024 996 1217 1065 furibundus

344 1085 487 1165 Mittens,
510 1084 651 1148 infantes
674 1081 776 1147 occidi
799 1083 944 1168 protinus
966 1102 1089 1166 omnes,

347 1173 410 1248 Qui
433 1178 508 1236 tunc
530 1170 677 1234 Bethleis
700 1169 837 1250 fuerant,
860 1170 1038 1255 praecepit,
1060 1172 1094 1235 in
1116 1172 1192 1252 oris,

346 1258 389 1323 Se
413 1279 480 1323 sem
507 1278 542 1322 er
563 1258 671 1321 vivum
694 1277 829 1342 sperans
852 1256 943 1320 extin
989 1276 1045 1321 ere
1067 1256 1232 1323 Christum

343 1345 455 1410 Posse.
479 1280 547 1410 ded
569 1344 601 1407 in
623 1344 742 1407 somnis
765 1343 915 1422 monitus,
956 1343 1058 1428 oseph
1080 1345 1283 1411 venerandus

345 1432 459 1517 Pergit
479 1431 512 1494 in
533 1430 733 1531 Aegyptum,
758 1429 840 1493 vasti
863 1450 922 1514 per
945 1428 1041 1494 devia
1062 1451 1174 1496 secum

343 1517 517 1583 Deducens
541 1537 642 1581 eremi
664 1516 772 1581 Iesum
797 1536 868 1580 oum
891 1522 995 1580 matre
1020 1518 1187 1599 tenellum,

343 1604 440 1669 Nocti
462 1604 622 1669 terrestris
646 1601 772 1667 Christo
797 1602 984 1667 dominante
1007 1604 1143 1671 timoris.

343 1689 436 1755 Talia
459 1690 517 1755 sed
539 1690 634 1754 solito
658 1690 735 1754 fecit
757 1689 881 1775 pietate
904 1710 1055 1775 superna,

343 1776 456 1928 {lpipti
477 1776 630 1843 tenebras
654 1776 785 1862 propria
807 1796 870 1861 quo
894 1777 966 1840 luce
990 1783 1134 1841 vetustm

381 1885 399 1929 o

401 1887 424 1929 x
446 1864 632 1940 illustraret,
656 1883 714 1949 per
737 1883 772 1926 se
795 1863 989 1948 penitusque
1012 1863 1150 1949 fugaret.
1170 1930 1173 1935 ,

390 1950 534 2036 Contigit
556 1970 635 2034 ergo
659 1949 712 2014 die
736 1948 886 2033 quadam,
910 1951 1114 2034 requiescere
1137 1950 1224 2015 velle

345 2038 443 2102 quta
465 2039 652 2123 speluncam
676 2045 819 2100 sanctam
844 2058 916 2101 cum
939 2037 1031 2122 prole
1053 2035 1201 2101 Mariam.

346 2123 438 2198 Quae
462 2135 512 2188 sat
534 2125 620 2188 lassa
643 2125 711 2187 solo
735 2122 843 2187 fuerat
865 2144 937 2188 cum
960 2124 1044 2188 forte
1068 2124 1185 2206 locata,

344 2210 475 2276 Scilicet
497 2212 530 2275 in
551 2211 674 2296 gremio
699 2210 807 2274 Iesum
828 2210 919 2274 molli
940 2209 1130 2291 refovendo,
1411 2203 1451 2262 W·

344 2296 438 2363 Multi
462 2298 621 2361 terribiles
645 2295 825 2382 procedunt
846 2317 984 2382 namque
1009 2296 1166 2362 dracones

342 2383 394 2449 Ex
416 2384 477 2448 hac
500 2384 663 2470 spelunca,
688 2405 745 2469 pro
770 2404 834 2468 qua
856 2383 916 2448 fuit
938 2385 1009 2469 ipsa
1030 2384 1157 2461 locata;

345 2469 435 2544 Quos
456 2470 577 2557 Ioseph
600 2471 691 2557 pueri
715 2469 894 2550 sementem,
918 2469 1136 2556 obstupefacti

345 2556 531 2643 Coeperunt
554 2566 641 2621 certe
665 2577 783 2641 magno
807 2558 947 2621 clamare
970 2558 1097 2623 timore.

344 2645 390 2708 At
412 2666 493 2730 puer
517 2665 535 2708 ο
558 2645 682 2729 gremio
705 2645 817 2708 matris
839 2645 979 2708 surrexit
1001 2643 1152 2726 amando,

347 2732 449 2810 Iesus,
473 2732 606 2796 sacratis
629 2730 737 2795 stabat
759 2732 845 2794 mitis
868 2751 997 2816 quoque
1020 2732 1138 2816 plantis

347 2815 468 2882 Contra
491 2817 678 2883 frendentes
701 2816 830 2881 turbata
853 2824 962 2882 mente
985 2817 1158 2892 dracones;

345 2904 408 2978 Qui
431 2905 536 2969 subito
560 2906 652 2990 proni
675 2903 860 2969 oeciderunt
883 2906 1106 2985 mansuefacti,

343 2990 483 3057 Orantes
505 2992 611 3056 tacitis
634 2993 790 3055 factorem
813 2991 943 3056 nutibus
966 2991 1063 3073 orbis,

341 3078 358 3143 Ι
382 3099 491 3165 seque.
516 3078 700 3164 digrediens
724 3079 825 3142 eremi
847 3099 907 3163 per
929 3078 1025 3143 davia
1046 3080 1140 3159 rasti,

372 3166 420 3229 los
444 3166 630 3252 praecessit,
654 3166 784 3250 sequier
806 3185 879 3229 sese
925 3186 1032 3250 uoque
1055 3167 1157 3230 iussit.

385 3250 457 3324 Quo
480 3252 601 3337 Ioseph
624 3253 692 3316 viso
716 3253 865 3337 genetrix
889 3250 915 3315 Ο
940 3252 1072 3337 sistique
1096 3259 1235 3332 sacrata,

341 3337 519 3403 Exanimes
542 3339 665 3424 fragilis
688 3360 746 3424 pro
771 3338 1003 3403 consuetudine
1027 3341 1131 3404 carnis

339 3425 442 3505 Facti,
466 3432 517 3489 sat
539 3427 694 3511 pavitant,
718 3446 853 3511 puerum
877 3426 1028 3512 laedique
1052 3426 1222 3491 timebant.

340 3510 420 3661 {pse
444 3511 512 3590 sed,
536 3512 700 3598 inspector
722 3513 849 3586 mentis,
873 3513 964 3576 testis
988 3533 1117 3599 quoque
1141 3510 1259 3591 cordis,

376 3618 435 3663 aec
458 3619 614 3684 responsa
637 3598 727 3663 dedit
749 3598 878 3675 timidis,
905 3620 1077 3664 conversus
1102 3607 1136 3665 et
1158 3599 1277 3684 inquit:

318 3752 369 3807 694
388 3756 502 3822 provebit
520 3754 593 3821 M¹p¹
663 3754 714 3804 699
732 3757 799 3807 Noui
812 3755 854 3806 M:
872 3757 974 3806 correxi
991 3757 1049 3807 coll.
1069 3755 1179 3807 Fortun.
1198 3774 1219 3807 c.
1234 3756 1322 3819 111⁹,
1334 3759 1368 3808 dd

232 3824 372 3891 depereunt
394 3825 517 3876 tenebras
532 3825 625 3876 Christi
651 3825 750 3890 fulgore
775 3828 880 3891 fugatae
903 3833 929 3876 ot
951 3834 1032 3876 tetrae
1055 3824 1152 3885 (terrae
1168 3825 1228 3876 edd
1246 3834 1313 3876 anta
1334 3828 1368 3892 cs.

232 3892 305 3945 lact.
319 3910 368 3944 rec.
382 3894 553 3946 Boensmann
560 3911 589 3958 p.
601 3895 675 3958 1520)
688 3896 769 3945 noetis
783 3895 861 3961 puilia
874 3910 961 3945 crassa
973 3897 1070 3946 cadunt
1141 3891 1188 3945 701
1205 3896 1300 3963 Egiptt
1311 3895 1376 4015 H}

232 3960 283 4014 705
296 3963 446 4014 soloss'cM
513 3961 565 4014 710
576 3965 686 4015 clamore
700 3963 760 4029 M¹p
835 3961 885 4014 712
897 3981 1002 4015 sacrans
1017 3964 1049 4013 M
1117 3962 1330 4031 troiugenae

319 4097 370 4151 692
389 4102 422 4167 cs.
442 4101 576 4152 Momm.
648 4101 699 4153 69⁴1
718 4105 752 4168 cs.
771 4103 913 4153 Manen.
985 4101 1032 4153 701
1055 4099 1090 4164 as.
1110 4120 1167 4168 ep.
1186 4101 1325 4168 Aroma
1342 4103 1376 4154 εἰ,

227 4171 366 4234 psalm.77
387 4171 436 4230 (ed.
463 4170 579 4222 Βοιαὶ)
596 4167 636 4220 VI
652 4172 698 4223 ool.
714 4173 759 4234 38)
784 4175 920 4238 Aegyptus
944 4173 970 4222 in
989 4173 1109 4224 Hebraea
1133 4171 1227 4238 lingna
1250 4172 1376 4223 tenebras

232 4238 272 4290 vel
296 4239 475 4291 tribulationes
499 4241 636 4306 significat.
734 4238 783 4291 713
807 4245 841 4307 cs.
869 4241 939 4291 Mor.
956 4245 1012 4293 236.
1110 4238 1159 4292 121
1184 4243 1219 4308 cs.
1243 4241 1381 4304 Patebat,

233 4308 319 4375 suppl.
338 4309 386 4359 lec.
406 4308 452 4360 lot.
470 4327 496 4359 n.
511 4313 583 4362 2893.
