2910 5024
241 343 290 397 136
600 339 863 396 HROTSVITHAE
883 339 1012 397 OPERA.

113 514 214 605 [Πῖ]
327 514 533 580 Cimmerius.
577 511 759 579 Mulierem.
1379 519 1449 583 fau*

325 622 418 666 nurui.
462 599 544 664 Cum
567 600 737 664 mulierem
760 598 890 681 dixeris,
911 599 915 682 Ι
936 620 1048 666 omnes
1071 600 1349 687 comprehendis!

323 686 529 753 Ossrnnonos.
552 685 626 750 Non
638 706 750 750 omnes
765 687 956 772 aequaliter,
965 688 969 769 1
979 686 1039 751 sed
1052 706 1151 751 unam
1164 688 1364 774 specialitus

323 793 416 837 nurci.
468 771 564 846 Quod
587 771 628 837 de
652 774 796 837 subiecto
820 771 945 855 dicitur,
965 781 971 850 Ι
990 794 1055 838 non
1076 775 1140 838 nisi
1162 773 1205 839 de
1229 775 1366 841 subiecto

238 860 345 945 aliquo
360 859 573 943 cognoscitur.
595 861 599 940 Ι
619 858 725 936 Unde,
741 861 768 923 si
783 860 863 923 velis
877 880 937 923 nos
953 859 1170 925 enarithmum
1186 882 1367 947 agnoscere,
1392 890 1400 927 r

238 944 289 1010 dio
311 947 449 1032 primam
471 947 621 1030 asyam!

192 1038 211 1099 3
321 1029 530 1097 (lsmusonue.
574 1030 804 1112 Drusianam.l

325 1138 417 1185 nurci.
462 1116 638 1182 Andronici
659 1118 753 1182 huius
775 1118 927 1204 principie
950 1118 1146 1204 coniugem?

326 1202 533 1270 Onnrnsonus.
577 1204 697 1289 Ipsam.

327 1310 418 1355 sarci.
463 1290 570 1373 Erras,
594 1292 696 1366 socie;
716 1291 721 1375 Ι
742 1295 791 1355 est
812 1291 881 1355 lota
903 1290 1136 1390 baptismate!
1384 1302 1402 1339 ¹³

91 1411 154 1463 Μ.
166 1398 221 1448 ros,
258 1467 302 1526 m
322 1374 530 1527 l(llamnncrtrne.
570 1376 656 1539 ¹Inde
679 1397 744 1441 non
767 1377 1051 1463 curo,lsi1psam
1079 1376 1210 1442 admei
1232 1396 1369 1442 amorem

238 1483 257 1526 a
303 1482 401 1526 aere
448 1483 549 1530 cero.

319 1569 411 1613 nurci.
424 1484 530 1613 pNon
552 1550 684 1635 poteria.
705 1553 710 1629 Ι

319 1632 525 1700 Osnrnncsos.
571 1633 636 1700 (lur
659 1634 848 1716 diffiditisll

319 1741 410 1785 nurci.
456 1719 632 1794 Quietem
658 1721 823 1786 difficilem
845 1719 967 1805 petis}
1386 1734 1405 1771 ¹⁵

319 1805 525 1873 Cssrsrncsoe.
569 1807 656 1872 Num
684 1828 702 1871 e
727 1829 745 1871 o
770 1808 892 1893 primus
914 1804 1098 1870 huiusmodi
1121 1826 1191 1871 rem
1215 1812 1304 1892 peto,
1321 1828 1326 1885 ι
1342 1814 1372 1869 et

238 1913 303 1956 non
325 1894 498 1958 multorum
523 1892 565 1957 ad
588 1828 773 1958 audendum
796 1900 990 1980 provocatus
1013 1913 1083 1956 sum
1107 1892 1308 1978 exemplar!

194 1984 215 2042 4
322 2000 414 2049 nursi.
460 1979 613 2061 Intende,
638 1981 751 2045 frater:
776 2001 816 2044 ea
838 1982 924 2064 ipsa,
948 2000 1045 2065 quam
1067 1977 1174 2060 ardes,
1198 1978 1302 2043 sancti
1323 1976 1373 2043 Io·

239 2064 352 2130 hannis
375 2067 515 2153 apostoli
537 2066 716 2132 doctrinam
739 2073 867 2147 secuta,
895 2072 997 2130 totam
1025 2085 1060 2129 se
1083 2063 1216 2129 devovit
1237 2063 1316 2143 deo,
1342 2064 1373 2129 in

238 2157 378 2234 tantum,
406 2160 443 2217 ut
472 2174 533 2218 nec
561 2154 603 2218 ad
631 2153 759 2218 thorum
781 2151 959 2217 Andronici
978 2153 983 2236 Ι
1003 2151 1259 2217 christianissimi
1288 2150 1347 2215 riri
1366 2186 1370 2199 ·
1388 2160 1410 2203 Ι

237 2238 301 2301 iam
334 2238 455 2304 dudum
485 2241 591 2326 potuit
619 2242 778 2322 revocari,
813 2241 818 2325 1
851 2260 914 2325 quo
949 2239 1054 2303 minus
1084 2245 1162 2303 tuae
1196 2236 1376 2303 consentiet

237 2325 406 2404 vanitati!

323 2409 530 2477 Onnrnncnns.
575 2410 728 2486 Quaesivi
756 2412 889 2476 avobis
917 2411 1184 2492 consolationem,
1212 2411 1219 2493 Ι
1243 2406 1305 2473 sed
1328 2408 1374 2473 in·

238 2497 344 2561 cutitie
366 2499 445 2562 mihi
467 2497 763 2585 desperationem!

324 2604 416 2650 nurci.
461 2584 523 2660 Qui
546 2586 685 2666 simulat,
709 2585 806 2657 fallit;
830 2590 864 2649 et
888 2584 942 2670 qui
965 2582 1089 2670 profert
1111 2578 1346 2655 adulationem,
1368 2600 1411 2647 'a

239 2668 349 2732 vendit
371 2672 577 2756 veritatem!

197 2771 216 2831 5
325 2754 530 2824 clamenus.
587 2756 671 2831 Quia
704 2757 782 2821 mihi
811 2763 954 2821 vestrum
986 2755 1144 2821 auxilinm
1180 2752 1375 2825 subtrahitis,

238 2841 462 2993 ipsrplmbadibo
483 2848 488 2925 Ι
508 2845 642 2930 eiusque
658 2845 766 2909 animo
786 2848 792 2926 Ι
810 2844 876 2908 mei
892 2863 1036 2908 amorem
1050 2839 1285 2906 blandimentis
1303 2858 1375 2925 par·

239 2948 296 2991 sua
320 2950 338 2993 e
363 2950 392 2994 o.

325 2935 419 3080 sirici.¹
461 3017 552 3081 Haut
575 3015 819 3102 persuadebis!
1388 3032 1412 3071 κ

325 3101 531 3168 Cnnrancnns.
577 3102 705 3190 Quippe
728 3110 821 3167 vetar
843 3100 956 3183 fatis!

324 3208 417 3252 nurci.
466 3188 723 3276 disponemus!

122 3462 174 3529 111
201 3471 213 3528 1
326 3446 531 3616 Opnrnscnrs.
578 3447 692 3514 Sermo
708 3468 799 3513 meus
820 3447 863 3511 ad
883 3454 927 3527 te,
949 3445 1123 3527 Drusiana,
1145 3442 1374 3529 praecordialis

239 3555 339 3598 amor.

324 3723 341 3776 6
359 3725 467 3793 primam
486 3722 588 3791 usyam]
608 3727 642 3793 cs.
661 3726 740 3786 odem
756 3742 844 3777 esrom
862 3725 995 3778 lectionem
1012 3724 1117 3791 movit
1133 3722 1274 3777 Badius

238 3899 398 3966 s'mniflcatur
414 3899 518 3949 homins
536 3897 577 3949 vel
595 3913 673 3962 equo,
693 3897 730 3949 sio
748 3905 774 3948 et
791 3897 867 3949 homo
884 3896 916 3948 de
933 3895 1050 3947 subiecto
1067 3894 1157 3960 Quo
1173 3894 1281 3950 sonim
1299 3897 1375 3967 sigui·

238 3970 329 4020 fleatur
351 3984 455 4020 necessa
477 3976 516 4019 est
534 4005 540 4018 .
560 4004 566 4017 .
586 4004 592 4017 .
610 3968 659 4017 hoc
681 3983 774 4018 nomen
792 3967 908 4018 homines
929 3974 1037 4017 cunctos
1055 3963 1259 4031 complectitur).
1295 3964 1375 4031 Μὰ

233 4039 324 4103 primo
340 4038 412 4088 usia:
433 4038 467 4104 cs.
488 4036 591 4098 Prend,
615 4036 703 4087 Greek.
721 4035 769 4086 der
787 4035 869 4101 Loyik
885 4035 921 4085 im
939 4033 1050 4085 Adendl.
1063 4030 1117 4100 Ip.
1131 4034 1260 4101 mam
1284 4052 1334 4089 mc
1349 4036 1376 4088 in

239 4107 293 4158 solo
311 4123 359 4158 nec
376 4109 403 4156 in
422 4108 504 4171 omni,
529 4114 558 4157 ut
579 4108 601 4156 si
619 4107 677 4172 quis
695 4107 722 4155 in
740 4105 850 4156 hominis
868 4104 1016 4156 definitione
1034 4102 1060 4154 id
1077 4117 1134 4155 uss
1151 4102 1285 4156 honinem
1302 4104 1374 4165 Μ

238 4176 308 4241 quod
325 4176 413 4227 album
431 4183 478 4235 cst,
497 4192 544 4227 nec
562 4176 589 4225 in
607 4176 662 4226 solo
680 4190 727 4226 nec
745 4176 772 4225 in
789 4174 860 4225 omni
877 4173 937 4237 est).

325 4242 360 4295 20
377 4246 412 4309 cs.
432 4244 502 4295 Gall.
516 4244 536 4294 Ι
545 4247 575 4295 12
592 4244 609 4306 ἕ
618 4249 656 4296 10.
748 4241 781 4295 31
800 4244 834 4309 cf.
851 4241 923 4309 Very.
942 4242 1008 4293 Aen.
1021 4240 1085 4293 139
1102 4240 1199 4309 quippo
1216 4252 1292 4295 vator
1310 4244 1377 4295 fili
