2910 5024
270 344 321 400 134
630 340 896 397 HROTSVITHAE
914 339 1045 397 OPERA.

113 471 252 624 ffi‘lffi
354 535 482 580 uicinus.
538 514 753 600 Praecepisti,
785 534 908 599 nosque
939 514 1001 578 tuis
1029 515 1216 665 praeceptis
1241 518 1247 596 Ι
1277 534 1404 601 operam

269 600 416 666 dedimus
445 601 631 687 implendis,
658 605 663 681 Ι
691 599 750 665 sed
779 620 996 685 supervenere
1052 621 1095 665 uo
1128 602 1233 687 ignoti
1266 602 1405 679 iuvenes,

269 696 461 768 asserentes,
485 709 519 752 se
543 687 668 753 adhoc
692 707 735 752 ex
757 693 791 751 te
811 688 936 768 missos,
959 694 996 752 ut
1010 686 1169 753 Hirenam
1193 687 1237 753 ad
1255 709 1405 754 meumes

270 775 387 839 montis
411 774 636 858 producerent.

357 860 516 927 Srsruurus.
561 859 770 946 ignorabam.
1432 892 1440 929 ⁵

356 966 485 1011 ururrns.
530 946 754 1033 Agnoscimus.

358 1031 519 1098 Srsruurue.
565 1032 686 1106 Quales
708 1031 856 1095 fuerumt?

356 1139 485 1184 aurnuns.
529 1119 660 1184 Amictu
683 1117 854 1204 splendidi,
874 1121 879 1193 1
899 1118 989 1182 uultu
1012 1117 1190 1184 admodum
1207 1119 1388 1186 reverendi.

354 1202 513 1270 Sismurus.
557 1205 644 1270 Num
667 1204 891 1290 sequebamini
914 1204 1011 1270 illos?

355 1311 483 1356 arturus.
528 1290 764 1378 sequebamur.
1423 1324 1442 1360 u

358 1375 517 1444 Srsruurus.
561 1377 647 1452 Quid
670 1377 861 1458 iecerunttl

358 1483 484 1527 ursinus.
531 1468 561 1528 A
584 1464 701 1529 dextra
728 1465 887 1548 laevaque
910 1461 1054 1527 Hirenae
1083 1483 1119 1526 se
1141 1462 1336 1527 locavenmt
1354 1470 1359 1539 i
1378 1474 1408 1528 st

272 1568 331 1614 nos
353 1549 416 1613 huc
439 1549 637 1632 direxerunt,
662 1551 668 1634 1
688 1571 751 1636 quo
775 1559 807 1613 te
832 1550 938 1613 exitus
960 1550 1009 1613 rei
1031 1569 1096 1612 non
1119 1549 1251 1613 lateret.

358 1634 518 1703 sisinnus.
572 1638 706 1718 Restat,
736 1642 772 1699 ut
801 1656 936 1700 ascenso
967 1656 1051 1721 equo
1079 1656 1234 1720 pergam,
1256 1642 1261 1716 Ι
1281 1648 1329 1703 et.
1358 1639 1408 1722 qui

271 1721 398 1795 fuerint,
423 1724 477 1807 qui
499 1745 557 1787 nos
580 1735 647 1788 tam
670 1723 773 1787 libere
797 1723 975 1798 illuserunt,
996 1723 1223 1808 perquiram!
1422 1753 1441 1791 u

358 1829 487 1876 uramus.
531 1810 750 1895 Properemus
772 1810 904 1894 pariter.

126 2059 248 2126 xlvi
362 2064 520 2130 Summus.
564 2064 666 2129 Hem!
694 2065 825 2150 ignoro,
849 2064 926 2150 quid
948 2086 1059 2152 agam:
1088 2064 1321 2150 pessumdatus
1342 2086 1405 2130 sun

273 2151 437 2215 maleficiis
459 2151 725 2216 christicolarum:
750 2172 801 2233 en,
825 2160 969 2217 montem
997 2153 1170 2231 circumeo,
1194 2159 1240 2230 at,
1264 2154 1404 2217 semitam

273 2237 443 2322 aliquoties
472 2239 674 2323 repperiens,
705 2259 765 2302 noc
796 2259 965 2303 ascensum
997 2237 1295 2324 comprehendere,
1319 2244 1326 2319 Ι
1349 2252 1449 2317 uecta

272 2322 410 2388 reditum
433 2345 518 2409 queo
541 2333 700 2409 repetere.
722 2326 727 2400 Ι
1416 2350 1436 2389 ι

228 2404 246 2464 2
358 2431 485 2475 ururras.
530 2411 619 2475 Miris
646 2410 751 2474 modis
780 2430 891 2474 omnes
914 2408 1078 2474 illudimur
1096 2413 1102 2486 l
1121 2409 1290 2495 nimiaque
1318 2409 1401 2475 luri·

122 2524 186 2572 paq.
197 2509 253 2557 189.
273 2495 383 2560 tudine
406 2497 595 2582 fatigamur:
616 2502 620 2578 Ι
641 2505 674 2560 et
697 2497 723 2560 si
747 2498 894 2561 insanum
917 2502 1015 2581 caput
1038 2494 1157 2560 diutius
1179 2497 1294 2561 vivere
1316 2496 1402 2561 susd-

272 2602 340 2656 nes,
361 2586 365 2659 Ι
385 2588 418 2647 te
441 2585 546 2668 ipsum
571 2592 604 2647 et
625 2604 684 2646 nos
707 2582 860 2669 perdes!

360 2668 517 2735 Srsruurus.
553 2669 631 2742 Quis
655 2671 703 2733 uis
720 2690 755 2733 es
770 2689 926 2749 meorum,
941 2668 945 2752 Ι
960 2675 1090 2733 strenue
1107 2667 1253 2733 extende
1269 2670 1400 2735 arcum'

272 2756 342 2820 iace
366 2757 527 2841 sagittam,
548 2758 553 2838 Ι
573 2777 614 2841 pe
646 2754 708 2820 ode
731 2756 814 2820 hanc
837 2754 1052 2836 maleficam!
1414 2778 1434 2819 a

359 2863 486 2906 urmrsa.
532 2843 646 2907 Decet.

224 2932 243 2991 3
353 2929 487 2992 Hiunun.
541 2929 677 3009 Infelix,
708 2928 879 3008 erubesce,
899 2930 904 3007 Ι
926 2927 1060 3007 Sisinui,
1091 2926 1267 3009 erubesce,
1288 2928 1294 3007 Ι
1312 2936 1401 3013 teque

274 3016 410 3099 turpiter
437 3016 555 3079 rictum
583 3015 770 3099 ingemisce,
791 3023 796 3097 1
817 3014 892 3099 quia
913 3012 1054 3077 tenellae
1082 3013 1254 3078 infantiam
1278 3015 1400 3099 virgun-

274 3102 366 3165 culae
386 3104 391 3181 Ι
411 3101 534 3185 absque
558 3122 718 3165 armorum
742 3122 761 3163 a
785 3106 900 3185 paratu
922 3100 1095 3186 nequivisti
1118 3119 1287 3184 superare.
1306 3104 1312 3175 Ι

357 3187 515 3252 Srsruurus.
573 3186 732 3273 Quicquid
760 3123 929 3250 dedecoris
955 3185 1095 3267 accedit,
1125 3186 1229 3251 levius
1259 3187 1374 3267 tolero,
1393 3186 1434 3261 la

271 3274 346 3359 quia
368 3282 401 3337 te
425 3276 611 3337 morituram
635 3274 713 3337 haut
736 3272 883 3353 dubito}

356 3359 489 3425 Humsu.
545 3360 631 3424 Hinc
660 3360 738 3423 mihi
771 3381 867 3445 quam
895 3360 1035 3424 maxime
1067 3354 1297 3443 gaudendum.
1322 3364 1328 3437 Ι
1349 3356 1402 3423 uti

269 3467 347 3510 vero
365 3445 548 3521 dolendum,
571 3449 576 3525 Ι
597 3447 672 3532 quia
694 3468 752 3532 pro
775 3448 821 3510 tui
841 3447 1014 3509 severitate
1031 3444 1245 3529 malignitatis
1263 3448 1270 3521 Ι
1287 3445 1321 3509 in
1342 3454 1402 3509 tar·

270 3539 341 3596 tara
369 3532 610 3616 dampnaberis:
634 3535 639 3613 1
666 3553 728 3618 ego
756 3540 880 3613 autem,
914 3532 1046 3596 martirii
1079 3530 1223 3616 palmam
1249 3534 1256 3611 Ι
1279 3531 1401 3617 virgini·

271 3620 409 3705 totisque
425 3628 596 3704 receptura
615 3640 777 3700 coronam,
795 3620 798 3703 i
813 3618 939 3683 intrabo
956 3616 1163 3700 aethereum!
1178 3620 1306 3684 aeterni
1323 3618 1431 3703 regin

271 3706 464 3773 thalamum:
485 3714 490 3780 Ι
511 3707 561 3770 cui
584 3712 633 3769 est
656 3706 760 3769 honor
782 3712 815 3770 et
838 3706 1017 3790 gloriatin
1040 3704 1208 3786 saecula!

272 3831 348 3840 .-—-..
559 3830 586 3836 -..
597 3830 706 3837 ———
741 3831 847 3837 .—
858 3828 1096 3837 ——....-..-——
1270 3826 1397 3837 ——0-

358 3898 390 3947 18
413 3898 540 3960 circumeo
558 3895 594 3958 (m
613 3897 663 3948 det.
683 3914 715 3946 m.
730 3896 756 3960 1)
774 3896 806 3946 il!
893 3894 926 3947 23
951 3897 1035 3963 perdis
1053 3895 1081 3946 in
1099 3895 1190 3962 perdes
1207 3912 1278 3949 corr.
1297 3904 1354 3949 sal
1370 3892 1402 3955 Ι,

271 3983 315 4032 per
333 3968 387 4019 dias
400 3985 421 4032 p
509 3965 543 4018 24
561 3984 649 4017 arctum
669 3965 969 4018 insciamansit!

356 4105 388 4154 'll
412 4108 447 4170 cs.
470 4105 551 4155 Prad.
571 4104 649 4167 alepi.
662 4107 685 4166 2,
698 4106 746 4154 313
766 4099 897 4154 ‘ridemur'
918 4103 1049 4155 exclamat
1073 4104 1186 4154 mem
1204 4104 1355 4170 praefactus
1368 4097 1403 4151 ‘at

271 4190 341 4306 rpppps
349 4175 450 4304 511]ὲὲἰέ
468 4192 512 4241 par
530 4182 567 4225 tot
585 4174 683 4239 figuras
706 4174 831 4225 ludimun
854 4174 963 4224 atrivit
984 4174 1104 4223 irisanum
1126 4167 1237 4239 caputl'
1323 4168 1358 4223 Ἡ
1373 4170 1404 4233 es·

752 4364 991 4371 -..υ--
