2910 5024
542 349 568 402 ll
587 352 612 406 3.
631 349 808 405 Oolimudiue.
1189 353 1240 408 139

10 517 73 608 ll]
186 520 404 588 Foeruuarus.
456 520 581 606 Corpus
609 520 714 586 adhuc
741 523 902 607 integrum
932 530 1057 604 manet,
1089 530 1125 588 ut
1153 544 1239 607 reor,

100 608 179 694 quia
200 628 265 671 non
287 609 444 693 languore
468 628 612 687 exesum,
633 608 638 691 Ι
658 607 716 672 sed
738 609 817 690 levi,
840 616 876 674 ut
898 610 1123 697 experiebare,
1147 611 1238 676 febr'e

100 702 152 758 est
174 694 351 779 solutum!

188 778 396 846 cinnanos.
441 779 544 845 Ome
570 780 709 858 felicem,
733 781 758 844 si
782 802 956 867 numquam
980 783 1163 868 experirer!

55 860 74 920 2
186 865 403 933 Foaruuarus.
450 866 485 930 Si
511 867 657 952 placabis
687 868 882 949 muneribus,
903 872 907 951 1
928 868 1045 933 dedam
1072 869 1153 935 illud
1174 871 1279 935 tuiss

98 952 249 1032 usibus!

190 1038 396 1104 Csnmaoeus.
442 1037 534 1113 Quae
556 1039 589 1102 in
604 1040 766 1124 praesenti
787 1038 829 1103 ad
844 1060 956 1103 manus
972 1041 1089 1124 habeo,
1112 1043 1239 1107 interim

100 1126 229 1211 accipe;
250 1133 254 1201 1
273 1146 334 1190 nec
359 1124 496 1204 diffidas,
521 1132 553 1188 te
576 1126 677 1189 multo
701 1127 825 1189 maiora
847 1135 1055 1212 accepturum
1078 1129 1158 1193 fore.
1179 1131 1185 1213 1

189 1210 402 1279 Foerurnrus
448 1211 568 1276 Damus
592 1213 665 1279 cito.

190 1297 395 1366 Uerrucosus.
440 1298 478 1362 In
500 1318 553 1362 me
576 1318 641 1362 uon
664 1299 724 1362 erit
747 1318 847 1362 mora.
1258 1321 1282 1360 rc

15 1458 28 1522 Ι
56 1461 69 1519 ¹
189 1469 405 1535 Foerumrus
455 1467 542 1533 Ecce
566 1490 697 1555 corpus:
729 1491 789 1533 nec
813 1470 913 1534 iacies
936 1470 1149 1553 cadaverosa,
1178 1492 1239 1537 nec

101 1555 250 1620 membra
273 1562 346 1618 sunt
368 1555 488 1619 tabida.
508 1562 513 1636 1
533 1555 690 1636 Abutere,
714 1564 750 1619 ut
772 1557 863 1620 libet.

191 1640 394 1707 Cisraacaos.
441 1641 668 1723 ODrusiana,
696 1642 873 1718 Drusiana,
904 1663 967 1728 quo
991 1642 1111 1707 affectu
1134 1641 1239 1707 cordis

100 1734 136 1792 te
153 1729 247 1807 colui,
263 1739 266 1812 1
282 1748 346 1813 qua
361 1730 547 1792 sinceritate
571 1728 750 1793 dilectionis
775 1736 808 1792 te
830 1729 1048 1793 visceratenus
1069 1729 1238 1813 amplexa-

18 1819 83 1869 200.
102 1822 155 1878 tus
177 1815 233 1892 fui,
254 1820 258 1892 1
279 1821 312 1879 et
339 1823 374 1878 tu
401 1835 531 1900 semper
553 1816 708 1896 abiecisti,
728 1816 733 1898 1
753 1816 833 1879 meis
856 1816 940 1878 votis
967 1815 1205 1880 contradixisti!
1232 1814 1236 1898 1
1258 1833 1281 1872 1⁵

101 1900 197 1965 Nunc
224 1903 257 1964 in
286 1921 359 1964 mea
391 1902 486 1964 situm
516 1908 566 1965 est
599 1910 772 1987 potestate,
793 1906 797 1983 1
819 1902 1027 1986 quantislibet
1056 1902 1177 1966 iniuriis
1206 1908 1239 1965 te
1303 1951 1305 1955 «

101 1988 201 2052 velim
224 1989 395 2052 lacessere.
417 1994 421 2067 1

189 2073 406 2138 Foarusarus.
452 2075 547 2137 Atat!
572 2074 732 2138 horribilis
755 2094 888 2159 serpens
910 2073 1033 2138 invadit
1055 2094 1122 2137 nos.

190 2159 397 2225 Caucaseos.
441 2159 481 2223 Di
504 2160 593 2239 mihi,
616 2160 804 2240 Fortunate,
829 2181 885 2223 cur
906 2181 959 2225 me
976 2159 1152 2246 decepisti?
1166 2160 1169 2244 1
1184 2181 1239 2224 cur

104 2244 300 2310 detestabile
323 2247 427 2309 scelus
450 2248 658 2331 persuasisti?
674 2247 751 2329 an,
774 2252 809 2309 tu
832 2248 979 2311 morieris
995 2248 1153 2332 serpentis
1168 2248 1237 2311 rul-
1257 2259 1283 2299 20

102 2353 192 2413 nere,
214 2332 218 2415 Ι
238 2339 272 2396 et
295 2352 357 2417 ego
381 2334 574 2397 commorior
595 2354 673 2418 prae
696 2333 846 2416 timore!

10 2509 74 2575 11
191 2513 355 2577 lemures.
400 2512 617 2594 Accedamus,
633 2512 829 2593 Andronice,
849 2515 854 2591 1
874 2512 916 2576 ad
932 2515 1089 2577 tumulum
1106 2514 1238 2578 Drusia-

103 2621 177 2679 nae,
197 2603 201 2676 1
224 2620 286 2685 quo
311 2600 450 2662 animam
473 2597 601 2662 Christo
625 2600 888 2663 commendemus
911 2609 1044 2685 presel

191 2685 421 2750 Arunosrceus.
466 2684 539 2749 Hoc
562 2685 657 2749 decet
680 2688 725 2749 tui
748 2687 961 2766 sanctitatem,
982 2697 986 2763 1
1006 2694 1042 2750 ut
1069 2707 1133 2750 non
1156 2686 1237 2749 obli-

102 2774 234 2838 viscaris
258 2773 291 2835 in
314 2780 346 2835 te
370 2770 595 2839 confidentem.
617 2772 621 2854 Ι
1258 2793 1283 2832 cs

59 2850 79 2912 2
189 2859 354 2922 lonenses.
394 2858 490 2938 Ecce,
513 2859 680 2922 invisibilis
705 2857 784 2922 deus
807 2859 900 2923 nobis
923 2865 1061 2943 apparet
1083 2858 1217 2921 visibilis
1236 2857 1239 2940 1

100 2948 132 3010 in
158 2945 365 3031 pulcherrimi
388 2944 594 3008 similitudine
617 2945 776 3028 iuveniat

191 3052 274 3098 orus.
320 3030 508 3117 Expavete!

192 3119 356 3182 locasses.
401 3117 541 3182 Domine
566 3117 654 3197 Iesu,
678 3137 734 3180 eur
756 3117 847 3180 iuxta
870 3117 903 3181 id
925 3118 987 3180 loci
1008 3120 1012 3196 1
1033 3115 1182 3199 dignatus
1205 3135 1240 3178 es

100 3205 205 3267 servis
228 3204 290 3267 tuis
313 3204 557 3282 manifestarit!
1257 3222 1283 3261 ac

189 3311 273 3354 osus.
320 3290 459 3376 Propter
474 3289 653 3353 Drusianae
678 3291 821 3374 eiusque,
846 3291 899 3373 qui
922 3290 1014 3352 iuxta
1034 3287 1237 3374 sepulchrum

99 3377 187 3440 illius
210 3378 310 3458 iacet,
334 3377 612 3441 resuscitationem
636 3377 781 3461 apparui,
802 3387 806 3457 1
827 3377 901 3460 quia
931 3396 1048 3440 nomen
1076 3395 1183 3439 meum
1205 3376 1239 3438 in
1255 3379 1303 3444 sot
1318 3385 1369 3434 97*

99 3462 152 3528 his
176 3461 277 3528 debet
298 3464 439 3548 gloriari.
461 3465 465 3545 1

53 3555 73 3612 3
189 3549 418 3615 Aroeoriceus.
464 3548 569 3621 Quam
592 3547 697 3612 subito
722 3555 872 3631 receptus
896 3554 946 3610 est
969 3548 1075 3611 caelo!
1098 3549 1102 3622 1

190 3635 354 3700 Ioenxrss.
401 3635 481 3700 Ideo
504 3655 635 3699 oausam
658 3635 786 3720 penitus
808 3656 871 3698 non
895 3634 1086 3717 intelleget
1257 3651 1282 3690 ss

19 3730 80 3777 2⁰1-
191 3723 421 3786 Arnaorrcaus.
466 3722 665 3786 Maturemus
694 3742 856 3804 gressum;
885 3721 968 3784 forte
999 3740 1034 3783 re
1062 3717 1239 3804 experieris

98 3809 133 3873 in
158 3809 381 3894 perventione,
403 3812 407 3884 1
428 3807 514 3893 quod
538 3809 654 3871 asseris
678 3814 710 3871 te
734 3808 838 3871 minus
860 3808 1061 3890 intellegere.
1083 3808 1086 3886 1

188 4019 204 4069 4
218 4035 341 4085 nmquam
356 4018 435 4070 ecles
487 4016 522 4069 28
533 4031 595 4067 uuus
608 4017 700 4081 scripsi
711 4016 756 4082 (cf.
766 4017 909 4081 prooem.):
921 4017 951 4066 Α.
966 4014 995 4078 (i.
1005 4033 1025 4066 c.
1039 4013 1239 4077 Anonomcnus)

97 4088 135 4139 Μ
148 4087 280 4153 (deinceps
292 4107 314 4139 v.
324 4091 355 4139 31
373 4087 521 4153 simpliciter
532 4101 556 4136 n.
568 4086 714 4152 rcribibn);
730 4089 792 4153 sort.
807 4083 868 4153 (Ne)
881 4095 1007 4151 expavete
1020 4082 1067 4151 (es.
1081 4083 1240 4144 Morc.16,6

95 4159 179 4210 nolite
191 4173 376 4225 expavescam
395 4159 480 4207 lesum
499 4157 620 4222 quaeritis
633 4157 807 4206 Nazarenum:
826 4155 958 4219 surrexit).
1030 4151 1065 4203 ³⁶2
1077 4152 1238 4204 resuscitatio

94 4227 159 4293 (sic)
177 4227 211 4277 l!
295 4224 328 4278 37
347 4226 491 4292 intellegire
510 4224 567 4288 (sic)
589 4224 639 4288 Μ’,
659 4225 837 4292 intelligeret)

184 4345 412 4412 ‹leflrllcmld
485 4343 518 4395 10
536 4346 570 4411 cf.
591 4344 802 4405 ea11.111§a.
874 4342 906 4395 13
924 4342 960 4406 cf.
970 4360 1028 4408 peri.
1046 4341 1239 4404 19,8eduoam

92 4436 138 4471 eas
156 4419 189 4469 ad
208 4433 263 4478 vos,
282 4426 309 4467 et
325 4414 461 4465 abutimini
479 4415 515 4464 eis
533 4417 601 4465 sicut
618 4414 691 4464 vobis
709 4414 843 4479 placuerit.
922 4410 956 4463 36
975 4414 1009 4477 cf.
1029 4412 1122 4461 Abas
1140 4409 1204 4470 §1st
