2910 5024
577 389 633 443 11.
652 387 754 444 Μανία.

202 563 246 629 lat
267 563 390 650 pariter
412 564 526 627 missas
548 560 594 646 (ni
615 562 721 646 fallor,
747 564 901 650 quinque)
924 567 1066 651 puellas;

202 651 346 726 Quarum
368 651 415 714 sic
438 669 517 735 ergo
539 647 712 713 creduntur
733 652 864 715 nomina
886 651 987 716 diota:

201 736 423 824 sephiphona,
447 736 560 817 Zabel,
580 735 737 816 Susanna,
759 737 922 813 Rebecca,
945 737 1084 824 Abigea.
1115 785 1119 791 -

204 825 284 898 Quis
307 844 388 910 opus
411 821 452 886 ad
476 822 588 908 templi
610 824 797 909 pertingens
819 846 959 910 namque
982 826 1099 890 sacrati

203 910 355 975 Traditur
377 916 525 974 ornatum
548 909 691 974 studiose
713 911 955 995 perficiendum,

204 999 352 1084 Purpura
375 1017 447 1061 cnm
469 997 576 1081 bysso,
600 997 699 1060 linum
723 1018 796 1062 cum
818 999 940 1064 vellere
964 997 1096 1075 Serum;

204 1084 354 1171 Purpura
375 1082 435 1146 aed
458 1090 590 1149 sanctae
612 1083 740 1168 fulgens
763 1084 928 1171 operanda
950 1085 1073 1150 Mariae

207 1170 360 1236 Creditur
381 1169 423 1234 sd
445 1170 552 1234 velum
577 1169 698 1234 domini
720 1172 833 1257 templi
855 1175 1041 1257 pretiosum.

250 1257 311 1322 His
334 1278 433 1342 super
454 1277 610 1322 accensae
633 1265 822 1343 praesentes
845 1261 965 1347 quippe
988 1259 1117 1345 puellae

204 1344 380 1430 Obprobrii
403 1365 499 1408 causa
522 1343 672 1408 dixerunt
694 1345 804 1410 taliter
827 1365 920 1432 ergo:

204 1430 302 1497 ‘Num
325 1437 359 1496 te
382 1432 527 1515 reginam
551 1437 677 1495 constat
698 1438 771 1516 post
793 1433 875 1497 haec
897 1434 967 1498 fore
989 1437 1142 1512 nostram,

204 1518 277 1582 Iam
301 1517 444 1582 texenda
467 1518 526 1582 tibi
550 1518 624 1604 quia
646 1538 788 1604 purpura
811 1518 952 1584 creditur
972 1520 1037 1600 uni,

204 1603 279 1669 Non
301 1626 401 1690 parvo
425 1625 497 1669 cum
521 1606 564 1668 sis
586 1605 690 1669 iunior
712 1610 747 1669 tu
769 1613 917 1692 tempore
940 1603 1068 1670 nobis?‘

165 1739 166 1742 η
206 1691 298 1764 Quae
320 1698 406 1773 tunc,
429 1698 465 1756 ut
488 1711 627 1777 semper,
650 1692 734 1756 bene
758 1694 907 1758 sustinuit
928 1693 1091 1779 patienter

204 1778 308 1851 Talia,
331 1798 391 1842 nec
414 1778 514 1842 verbo
537 1779 602 1843 iam
626 1779 868 1844 contradixerat
889 1781 965 1845 nllo.

248 1865 368 1929 Astans
391 1864 449 1929 sed
473 1865 566 1929 citius
589 1871 696 1930 custos
718 1887 848 1951 semper
869 1866 931 1931 sibi
952 1865 1045 1946 fidus,

205 1952 352 2038 Angelus
374 1953 532 2038 astrigera
556 1951 708 2037 dilapsus,
732 1952 823 2033 dixit,
847 1952 889 2017 ab
912 1954 1000 2017 aula:

204 2037 250 2103 ‘Si
273 2045 316 2113 te,
338 2039 440 2123 virgo,
463 2058 554 2123 rogo,
577 2039 768 2124 perturbent
790 2039 868 2104 talia
888 2040 1001 2122 verba,

204 2126 293 2191 Istae
315 2130 462 2210 percerte
487 2126 562 2210 qnia
582 2132 692 2190 ratum
713 2146 805 2191 more
826 2126 954 2192 locutae
1228 2127 1341 2193 tvl-1⁴*

119 2271 122 2280 .
205 2214 275 2278 Iam
299 2232 382 2276 nunc
405 2232 566 2297 praesaga
588 2211 741 2278 dicebant
761 2233 841 2278 voce
864 2214 980 2293 lutura,

207 2299 258 2364 Tu
281 2299 355 2384 quia
377 2299 446 2362 sola
467 2305 619 2384 potenter
640 2300 703 2364 eris
725 2301 838 2385 regina
860 2301 1009 2386 perennis

205 2386 341 2452 Necnon
363 2385 520 2469 stelligeri
543 2385 740 2450 dominatrix
762 2388 872 2452 inclita
895 2387 1001 2452 caeli?

247 2472 327 2536 Post
347 2470 429 2536 haec
451 2479 577 2537 secreta
599 2472 764 2537 residebat
785 2474 818 2537 in
841 2473 923 2538 aede
947 2475 1066 2558 quieta,

202 2560 387 2645 Purpureos
409 2558 519 2643 digitis
541 2559 612 2624 filos
635 2580 772 2644 operans
794 2559 984 2625 benedictis.

204 2647 351 2732 Angelus
374 2651 408 2709 et
430 2666 572 2711 summus
594 2645 749 2711 Gabrihel
773 2647 998 2732 conspectibus
1021 2649 1090 2712 eius

205 2733 328 2812 Astitit,
351 2733 509 2818 astrigera
532 2732 693 2797 caelorum
716 2734 824 2818 lapsus
847 2734 888 2798 ab
912 2734 996 2815 aula,

203 2818 459 2905 virgineumque
482 2819 580 2885 decus
603 2819 710 2884 verbis
732 2819 849 2885 affatur
871 2821 991 2902 amicis,

204 2907 302 2972 quta
323 2912 518 2985 cunctorum,
540 2927 682 2987 narrans,
707 2908 835 2971 oracula
858 2914 967 2972 vatum

205 2993 311 3079 Ipsius
333 3013 352 3057 e
375 2998 464 3057 casto
487 2995 575 3058 nasci
598 2992 760 3078 dignarier
782 2994 854 3058 alvo

205 3080 382 3145 Altithroni
404 3081 528 3165 prolem
551 3079 671 3145 mundo
695 3081 771 3144 satis
795 3079 1019 3164 antiquiorem,

204 3167 415 3252 Virgineique
439 3166 571 3232 modum
592 3173 704 3252 partus
727 3173 837 3232 narrat
859 3163 1110 3230 memorandum.

249 3252 336 3339 Ergo
359 3274 424 3317 non
445 3255 563 3319 nostris
584 3255 670 3339 potis
694 3260 744 3318 cst
767 3253 924 3339 exponier
946 3253 1026 3317 orsis

204 3339 325 3405 Nobile
347 3340 552 3426 colloquium,
575 3341 672 3425 longo
696 3360 844 3405 sermone
867 3344 1045 3425 peractum,

205 3426 349 3512 Virginis
372 3433 536 3509 aeternae,
560 3427 678 3492 Christi
702 3428 812 3492 matris
835 3425 1039 3508 benedictae,

204 3514 322 3578 Partus
344 3521 378 3578 et
400 3516 480 3579 tanti
503 3535 594 3580 sacra
616 3515 775 3578 narrantis
798 3512 1016 3599 paranimphi;
1065 3590 1069 3598 ι

207 3599 276 3666 Sed
296 3621 357 3665 neo
380 3600 536 3666 dactilicis
558 3622 639 3688 opus
663 3606 712 3665 est
734 3622 793 3665 nos
815 3601 956 3688 psallere
979 3597 1084 3664 cordis

1154 3721 1231 3730 ..-

183 3791 235 3846 501
269 3793 361 3876 &rum
389 3793 481 3859 scripsi
511 3793 569 3844 coll.
594 3792 666 3859 Verp.
691 3809 777 3875 georg.
799 3791 837 3842 ΙΙ
853 3795 898 3843 121
927 3790 1078 3855 velleraque
1103 3796 1133 3840 ut
1164 3787 1231 3868 soliis

119 3858 1232 3998 {wtttblttl‘ttbt·tllltlfffflrll,inutili

119 4002 149 4056 18
161 4003 189 4054 ei
200 4002 294 4066 acripioi
304 3999 350 4068 (cs.
362 4001 416 4052 irad.
424 3999 546 4067 gramm.)
558 4018 589 4052 ea
601 4002 701 4053 litterae
713 4001 730 4052 S
741 4001 857 4066 omtiqio:
869 4001 926 4050 Non
935 3997 997 4062 M¹p
1049 3993 1100 4049 515
1112 4009 1192 4063 paaga
1202 3995 1233 4045 Μ

119 4071 149 4125 l'l
180 4071 272 4124 inclita
296 4071 323 4121 in
345 4071 394 4123 ccli
415 4070 476 4137 lllp¹
579 4069 630 4123 518
651 4070 778 4121 residebat
799 4069 856 4119 M‘:
882 4067 988 4121 sedebat
1008 4065 1065 4128 M¹‚·
1090 4066 1190 4117 sidebat
1210 4083 1229 4131 p

119 4155 152 4209 aa
168 4158 248 4224 longa
265 4155 340 4220 ΜΨ
425 4154 476 4208 531
493 4140 580 4209 zoroe
598 4154 626 4219 o.
638 4173 659 4208 e.
677 4155 789 4220 enoria)
807 4154 842 4204 rr

187 4327 238 4382 504
251 4331 286 4450 cg
300 4326 372 4378 Mor.
384 4331 441 4379 293.
503 4325 555 4378 512
566 4328 600 4448 cp.
613 4326 685 4378 Mor.
694 4329 751 4378 521.
763 4330 816 4378 794.
828 4328 889 4378 802.
941 4324 992 4378 513
1004 4327 1038 4446 cp.
1052 4325 1122 4377 Mor.
1135 4327 1180 4378 736
1188 4340 1234 4390 'Pe

119 4402 201 4450 saw.
273 4394 306 4449 1‘1
318 4398 354 4464 cs.
366 4396 438 4448 Mor.
448 4399 488 4448 13.
542 4393 576 4447 52
605 4398 639 4463 cs.
652 4394 925 4448 Monetaasaeeo.
977 4393 1012 4448 52
1040 4391 1232 4462 cfiqmlwd.

1046 4475 1080 4532 1·
