2962 5506
611 404 623 457 l
637 404 785 473 praefatio.
1247 409 1264 461 3

145 599 207 644 aere
237 579 390 666 apposui,
489 598 531 641 ne
564 576 677 641 crediti
771 543 927 641 talentum
957 578 1112 662 ingenioli
1203 579 1263 642 sub

144 665 264 732 obscuro
358 673 491 752 torpens
507 664 649 750 pectoris
667 663 782 748 (antro)
870 663 1018 750 rubigine
1034 665 1262 750 neglegentiae

142 753 409 831 exterminaretur,
498 750 557 815 aed
581 749 712 815 sedulae
735 751 855 815 malleo
872 750 1051 815 devotionis
1074 772 1262 838 percussum

212 839 448 926 aliquantulum
481 837 610 901 divinae
636 836 830 902 laudationis
857 837 994 901 referret
1016 839 1175 920 tinnitum,

139 945 211 1013 quc,
232 927 259 991 ei
282 927 410 991 occasio
433 944 498 988 non
522 923 654 989 daretur
675 922 873 1008 negotiando
896 923 984 988 aliud
1006 924 1132 1005 lucrari,
1156 927 1261 1010 ipsum
1302 947 1313 984 s

138 1021 236 1078 tamen
258 1013 292 1076 in
314 1010 447 1098 aliquod
470 1012 576 1075 saltim
607 1015 775 1075 extremae
803 1011 950 1075 utilitatis
978 1013 1262 1078 transformaretur

107 1092 384 1164 linamentum.
473 1096 568 1162 Unde
585 1099 778 1183 quicumque
795 1098 906 1174 lector,
929 1099 1066 1162 sirecte
1091 1105 1123 1161 et
1146 1120 1259 1164 secun-

133 1184 202 1251 dnm
217 1185 316 1250 deum
332 1186 451 1271 sapias,
467 1185 577 1269 egenti
593 1185 743 1271 paginae,
833 1204 917 1270 quae
934 1185 1050 1248 nullius
1067 1193 1259 1272 praecepto·

134 1275 172 1338 ria
191 1273 335 1338 munitur
356 1272 559 1348 anctoritate,
648 1292 743 1356 opem
773 1276 848 1334 tuae
872 1270 1072 1336 rectitudinis
1094 1293 1135 1336 ne
1159 1274 1259 1358 pigri·
1278 1276 1376 1341 soter

132 1361 202 1425 teria
223 1357 393 1439 adhibere,
482 1356 544 1422 deo
566 1357 728 1438 videlicet,
752 1357 779 1421 si
802 1357 878 1442 quid
894 1358 977 1422 forte
1001 1359 1156 1445 probetur
1171 1365 1259 1424 recte
1289 1387 1313 1425 ιο

133 1446 354 1534 compositum,
442 1465 600 1530 meaeque
616 1444 847 1529 neglegentiae
864 1444 933 1509 desi
979 1445 1063 1509 ando
1079 1447 1260 1510 universale

134 1534 286 1614 vitiorum,
377 1551 439 1596 nec
454 1537 563 1596 tamen
580 1530 804 1617 vituperando,
892 1551 927 1595 se
966 1531 1175 1617 indulgendo,

133 1621 201 1707 quia
221 1620 270 1685 eie
297 1619 458 1705 frangitur
484 1618 726 1703 obiurgatienis,
821 1618 877 1682 ubi
903 1619 1076 1683 intervenit
1098 1619 1262 1683 humilitas

132 1707 346 1772 amfaeeienia

209 1966 318 2021 2amtm
334 1967 430 2019 addidi
449 1967 508 2018 cell.
527 1967 583 2019 Pet.
595 1970 616 2030 7,
633 1983 685 2018 aee.
695 1969 729 2017 32
740 1965 787 2032 (cf.
802 1983 895 2032 appar.
913 1967 950 2016 ad
968 1968 1048 2032 (imag.
1063 1966 1137 2031 373)‚·
1154 1968 1259 2018 elocutio

136 2036 308 2090 mm
325 2035 467 2104 &cyclon
484 2038 513 2101 d)
583 2037 647 2102 fert.
665 2036 785 2103 rubigine
801 2034 805 2100 Ι
821 2037 1035 2088 exterminaretur
1056 2036 1234 2104 neglegentiae
1255 2035 1258 2100 Ι

137 2103 165 2159 ld
179 2125 215 2160 Ι
231 2107 271 2172 Π,
289 2107 361 2158 ιώ
378 2107 419 2158 via
436 2107 540 2172 κῆράς
557 2106 598 2158 iua
615 2123 672 2172 υςη·
690 2106 735 2157 aed
753 2105 792 2156 itta
811 2107 917 2169 tollimr,
935 2106 972 2156 oia
988 2103 1123 2172 frangitur

138 2243 254 2255 *Q-

207 2346 224 2398 lr
249 2347 410 2415 negotiando
437 2347 509 2398 aliud
537 2347 647 2399 lucrari:
681 2349 716 2412 cs.
746 2346 850 2412 Koepks
875 2364 903 2412 p.
922 2351 969 2400 168
989 2346 1136 2413 (utramque
1157 2348 1260 2398 emtam

140 2412 215 2468 Uest
229 2417 327 2469 Mutela
342 2419 430 2481 2414
448 2433 500 2482 sqq.
518 2424 542 2468 et
560 2415 622 2468 lac.
636 2419 716 2479 rw
732 2415 805 2482 sqq).
