2910 5024
242 354 292 407 154
605 348 867 405 HROTSVITHAE
885 347 1018 404 OPERA.

109 526 170 616 [IV
186 525 217 613 5]
328 544 443 590 rurore.
488 524 574 589 Eece
597 523 715 586 omnia.
1388 528 1426 593 {ot
1443 543 1449 572 ε

326 612 493 675 Auruncu.
538 608 693 690 Obsecro,
717 607 798 672 effer
818 615 852 672 et
870 607 1004 692 pileum,
1027 627 1090 693 quo
1105 628 1260 674 eorousm
1274 609 1375 675 relem

240 718 279 763 ea
302 698 362 761 itis.

279 718 300 784 p
327 699 444 847 surdus.
489 780 563 845 Hoc
585 781 727 845 maxime
751 800 833 864 opus
856 788 916 860 est,
938 799 981 845 ne
1003 782 1202 866 agnoscaris.
1223 782 1229 865 Ι

195 875 214 937 6
324 871 490 933 Aaunnru.
537 866 632 948 Quid,
655 868 682 930 si
703 887 803 931 uuum
823 864 975 948 solidum,
998 886 1096 968 quem
1110 866 1233 951 habeo,
1256 888 1409 935 mecums

242 955 387 1035 afferam,
407 955 412 1038 1
433 975 496 1040 quo
520 954 696 1018 stabulario
719 973 779 1037 pro
802 952 954 1017 mercede
978 953 1165 1035 tribuamll

327 1061 444 1105 sarnus.
489 1041 595 1105 Aliter
624 1038 667 1104 ad
694 1039 889 1125 colloquium
912 1038 1067 1122 Mariae!
1090 1061 1156 1106 non
1184 1046 1281 1129 potes
1305 1060 1374 1129 per·

241 1127 390 1210 veniret

140 1352 171 1418 V
197 1359 209 1417 l
325 1348 490 1415 Asrrsusu.
537 1348 644 1429 Salve,
667 1348 753 1413 bone
776 1348 994 1432 stabulariell

327 1456 538 1501 srssumurus.
584 1433 663 1508 Quis
685 1435 828 1521 loquitur
850 1434 989 1520 hospes?
1012 1434 1139 1513 salvet
1391 1460 1413 1499 e

326 1523 493 1585 nemum.
546 1520 648 1585 Estne
678 1528 757 1608 aput
784 1528 818 1586 te
844 1522 935 1586 loeus
954 1523 960 1606 Ι
979 1520 1095 1585 uiatori
1122 1518 1166 1585 ad
1188 1532 1377 1607 pernoctan-

241 1608 318 1674 dum
340 1628 360 1671 a
383 1613 454 1672 tus?

326 1609 538 1760 srdeunsu'rus
592 1692 652 1757 Est
681 1694 794 1779 plane;
832 1698 942 1757 nostra
969 1691 1144 1779 hospitiola
1168 1694 1175 1773 Ι
1198 1693 1280 1759 nulli
1309 1704 1378 1759 sunt

243 1800 284 1845 ne
310 1780 404 1846 auda.

287 1781 491 1931 genesiis.
536 1864 727 1930 Laudabile.
1393 1890 1415 1931 c

325 1972 536 2018 srreuusurus.
581 1952 680 2034 Intra,
701 1955 706 2031 Ι
725 1958 761 2015 ut
783 1950 842 2014 tibi
863 1957 1075 2037 praeparatur
1097 1970 1189 2016 eene.
1209 1952 1216 2037 Ι

197 2045 215 2105 2
324 2040 490 2104 Aurenses.
535 2038 671 2122 Magnas
701 2038 760 2103 tibi
787 2057 846 2121 pro
876 2037 970 2101 hilari
998 2037 1205 2123 susceptione
1233 2036 1352 2119 debeo,

240 2125 298 2190 sed
321 2125 427 2189 adhue
449 2126 574 2190 maiora
596 2146 616 2188 a
639 2129 672 2188 te
699 2132 830 2208 expeto.
851 2124 855 2205 Ι

325 2232 535 2277 armorumue.
581 2209 674 2284 Quae
696 2212 797 2291 voles,
819 2216 855 2273 nt
877 2228 1104 2274 concessurum
1126 2210 1285 2297 efflagita

91 2304 222 2368 paueat.
326 2298 492 2363 Asnsruu.
537 2297 660 2383 Accipe
684 2298 747 2361 vile
770 2315 896 2375 munus,
919 2294 1007 2381 quod
1029 2293 1155 2379 defero,
1175 2298 1180 2382 Ι
1199 2304 1236 2363 et
1259 2298 1323 2379 tac,
1344 2308 1380 2363 ut
1395 2322 1418 2363 ι

239 2383 464 2484 praepulchra,
478 2384 482 2467 l
497 2405 594 2470 quam
610 2394 718 2449 tecum
735 2382 901 2448 obversari
916 2383 1121 2468 experiebar,
1136 2384 1382 2470 puellalnostro

240 2471 365 2534 intersit
388 2471 546 2535 convivio.
567 2470 572 2553 Ι

325 2577 537 2622 srrsunsurus.
583 2554 649 2620 Cur
671 2555 759 2619 illam
782 2551 949 2618 desideras
971 2552 1106 2619 ridere?
1125 2554 1131 2634 Ι

192 2647 210 2708 3
322 2642 488 2707 Anninus.
533 2641 618 2716 Quia
633 2641 766 2705 nimium
781 2638 927 2704 delector
946 2641 980 2704 in
996 2641 1066 2704 eius
1080 2641 1261 2726 agnitione,
1275 2644 1280 2725 l
1293 2644 1382 2709 euim

238 2728 507 2814 pulchritudinem
532 2750 628 2815 qnam
650 2727 795 2815 pluribus
816 2725 943 2791 laudari
965 2726 1140 2793 audiebam
1155 2736 1379 2814 saeptus!
1395 2752 1419 2791 a

322 2836 536 2882 srssuusrnus.
586 2814 737 2899 Quisquis
752 2811 902 2877 laudator
922 2813 992 2877 eius
1006 2813 1130 2879 formae
1147 2815 1270 2897 extitit,
1284 2822 1289 2887 f
1304 2816 1381 2882 nibil

235 2900 369 2969 fefellit:
389 2903 394 2984 Ι
414 2922 487 2966 nam
511 2902 675 2988 praenitet
697 2906 867 2964 venustate
890 2901 998 2964 uultus
1016 2903 1021 2983 1
1042 2920 1121 2987 prae
1144 2901 1266 2967 ceteris
1288 2904 1381 2969 muli·

236 2988 352 3052 eribus.

321 2989 487 3139 Asdrsrmn.
534 3072 614 3139 Ideo
638 3072 738 3137 ardeo
762 3073 794 3136 in
818 3072 887 3136 eius
909 3076 1058 3153 amore!

321 3181 531 3226 srssrusurus.
587 3160 705 3239 Miror,
736 3165 769 3222 te
797 3159 830 3223 in
860 3158 1026 3245 decrepita
1051 3164 1222 3225 senectute
1242 3160 1248 3243 Ι
1267 3161 1379 3227 iuven·
1394 3192 1417 3231 n

238 3247 330 3310 culae
354 3246 496 3311 mulieris
519 3268 664 3312 amorem
688 3246 821 3332 spirare.
841 3245 846 3328 Ι

322 3333 488 3481 Alpinius.
534 3334 688 3397 Percerte
711 3332 829 3396 nullius
852 3331 933 3395 alius
962 3330 1011 3395 rei
1033 3348 1133 3395 causa
1153 3334 1291 3415 neerei,
1306 3334 1380 3417 loiri

237 3437 310 3481 oanr
333 3419 364 3481 vi
389 3438 429 3481 en
453 3420 498 3502 il

320 3728 338 3781 2
359 3731 453 3782 uellem
472 3730 514 3780 Μ’
605 3729 639 3782 10
661 3732 725 3795 Quis
747 3731 862 3796 loquitur
883 3731 993 3798 hospes?
1014 3730 1095 3782 salue.
1113 3730 1152 3781 aio
1168 3728 1228 3783 dtus
1246 3729 1291 3783 Hs
1313 3732 1376 3797 qm

234 3800 366 3865 loquitur?
385 3801 485 3866 hospes,
503 3801 573 3852 sulse
584 3818 636 3866 vq.;
653 3804 714 3881 fter-t
733 3814 805 3851 arse.
816 3801 881 3864 Quis
894 3800 1025 3865 loquitur?
1043 3794 1376 3921 (mfflmfl

235 3870 319 3921 Salve.
405 3870 437 3921 lb
457 3872 526 3921 Intro
544 3868 587 3918 Μι
671 3870 699 3920 lt
722 3872 834 3935 Magnus
851 3864 1074 3935 tibi..(grrtiu)
1092 3868 1126 3921 ds
1305 3886 1316 3929 .-

234 3941 269 4003 οἱ.
295 3939 349 3990 Ter.
363 3956 420 3989 curu.
436 3939 489 3989 ΙΙΙ
498 3945 521 4001 1,
532 3943 547 3988 7
563 3939 604 3989 vel
617 3955 663 3990 rex
675 3956 775 4006 semper
787 3940 914 3990 maximas
926 3940 990 3990 mini
1001 3939 1102 4006 agebat,
1119 3938 1247 4005 quiequid
1257 3940 1374 3992 m

233 4005 269 4059 ‘20
285 4009 380 4059 deffere
399 4008 432 4058 l!
516 4006 549 4058 ‘21
568 4009 700 4059 obseruari
719 4007 763 4058 tl:
781 4026 849 4060 corr.
869 4008 979 4074 Moquin
1065 4004 1101 4059 at
1117 4024 1197 4073 quam
1213 4006 1250 4075 pl
1267 4008 1304 4059 ἁ
1321 4006 1375 4061 1¹:

233 4077 373 4211 ἲαῐὲξηῇίέ
383 4076 536 4198 Spadone),
549 4093 570 4141 p
640 4075 673 4128 at
692 4086 805 4129 uenuste
823 4078 913 4130 uultus
931 4076 973 4127 Μι
992 4075 1082 4139 (uultu
1093 4074 1182 4143 1¹19.-
1196 4076 1303 4130 οοηαί
1315 4076 1374 4129 aa

239 4335 263 4385 Τ
296 4267 337 4347 Ιις’)
355 4267 513 4387 cp'31ioeplc
528 4284 555 4332 p.
568 4268 633 4326 68¹,·
651 4268 686 4318 ric
704 4267 800 4334 singuli
818 4267 892 4320 aurci
904 4274 1050 4332 poteramr-
1067 4266 1095 4318 iu
1112 4266 1224 4319 Aaron
1238 4266 1373 4335 Apellei

258 4354 309 4402 μνη
328 4354 367 4388 c..
396 4376 401 4386 .
