2910 5024
526 136 788 193 naousvluflau
806 135 934 194 OPERA.

268 310 336 376 Sed
358 315 460 375 restat
481 311 583 376 menti
605 310 736 376 sceleris
757 330 810 375 res
833 308 920 375 iacta
942 309 1076 391 volenti,

267 398 322 463 Me
345 397 421 483 quia
443 416 502 482 per
524 398 634 462 literas
657 397 742 461 hosti
763 396 920 462 dederam
941 397 1029 462 mals
1051 398 1188 486 scriptas

267 485 311 548 Et
331 504 452 548 nomen
476 483 595 548 Christi
618 490 751 548 caecato
775 482 874 548 corde
896 481 1040 569 negari?

308 569 363 635 Ad
386 590 483 656 quem
505 571 555 634 vir
577 569 712 634 domini:
735 568 866 635 ‘Curam
889 569 950 635 tibi
970 569 1097 656 lingere
1120 570 1194 651 noli,

267 657 338 722 Ceu
361 657 420 721 tibi
442 657 483 720 sit
505 658 619 720 veniae
642 656 772 742 penitus
794 677 870 742 spes
893 655 1027 743 dempta
1048 656 1218 741 petendae.

265 744 387 809 Unicus
409 763 488 829 ergo
512 744 622 829 patris,
646 742 745 807 iudex
767 743 956 807 mitissimus
977 742 1077 821 orbis,
1310 730 1416 811 10111

266 830 320 894 Ad
343 849 379 894 se
402 849 593 894 conversum
617 831 671 915 qui
693 849 868 914 numquam
890 830 1015 916 respuit
1035 829 1149 911 ullum,

267 915 303 980 Si
326 915 427 980 defles
450 916 589 1001 culpam,
613 915 736 1001 gaudet
758 922 926 1001 praestare
949 915 1125 981 medelam.

267 1002 353 1067 Hino
375 1003 440 1066 iam
463 1003 664 1067 mortiferum
687 1003 813 1088 peccati
836 1003 946 1088 linque
967 1002 1175 1089 profundum,

266 1089 401 1154 Necnon
423 1087 467 1153 ad
489 1096 612 1153 certum
634 1089 766 1174 pietatis
789 1089 929 1174 confuge
950 1095 1094 1176 portum

266 1174 379 1240 Adae
402 1174 575 1240 tendentes
599 1177 653 1261 qui
675 1176 782 1240 salvos
805 1176 939 1261 suscipit
961 1173 1098 1241 omues.²

266 1261 328 1326 His
349 1262 448 1346 igitur
469 1263 621 1326 miserum
644 1263 774 1327 monitis
797 1262 938 1327 correxit
958 1261 1149 1339 homullum,

265 1349 401 1413 Necnon
422 1354 537 1434 sponte
561 1370 619 1412 suo
640 1350 734 1433 nigro
757 1349 913 1413 conclusit
933 1348 968 1413 iu
989 1356 1095 1427 antro,

265 1435 337 1500 Illic
358 1440 395 1499 ut
417 1433 530 1499 sordes
553 1435 640 1500 licito
664 1434 800 1499 defleret
821 1436 974 1500 inormes.

309 1521 391 1586 Post
413 1528 480 1586 tres
503 1542 582 1605 ergo
607 1520 676 1585 dies
698 1523 815 1586 iterum
838 1521 993 1586 veniebat
1014 1518 1058 1584 ad
1079 1518 1180 1600 illum,

266 1608 445 1688 Inquirens‚
468 1608 566 1672 talem
591 1609 617 1672 si
639 1615 751 1693 posset
772 1608 858 1673 ferre
880 1608 1037 1673 laborem.

267 1693 341 1775 Qui,
363 1695 468 1758 lassus
491 1696 634 1775 nimium,
656 1694 765 1758 verbis
787 1693 1003 1780 responderat
1023 1692 1108 1758 istis:

265 1779 406 1845 ‘Poenas
429 1781 598 1866 spirituum
620 1783 727 1868 patior
748 1781 802 1845 vix
825 1801 965 1866 namque
986 1780 1163 1866 nigrorum,

265 1867 321 1932 Me
345 1868 420 1953 quia
443 1868 600 1932 continuis
623 1873 799 1932 attrectant
821 1887 961 1954 namque
984 1864 1122 1952 flagellis

265 1953 375 2039 Atque
399 1961 515 2040 petunt
536 1954 647 2018 iaculis
670 1953 815 2040 lapidum
838 1954 1027 2040 saepissime
1050 1950 1148 2016 duria.

265 2039 342 2104 Insu
366 2061 402 2104 er
424 2040 606 2126 obprobriis
628 2041 670 2105 ob
697 2047 796 2104 onunt
818 2061 948 2126 semper
970 2039 1100 2120 amaris,

266 2062 363 2200 Quod
384 2146 449 2191 non
471 2128 588 2192 inritus
610 2062 747 2212 pridbm
772 2126 830 2191 sed
853 2128 953 2213 gratis
975 2124 1100 2190 adirem

265 2213 355 2287 lllos,
377 2214 521 2298 ipsorum
543 2215 611 2278 sine
635 2214 667 2278 vi
689 2234 743 2277 me
767 2212 848 2277 dans
871 2212 1008 2278 didon?

266 2299 358 2363 Tunc
380 2301 506 2364 animae
530 2298 676 2364 medicus
698 2299 938 2383 languescentis
960 2299 1046 2364 bene
1069 2293 1182 2360 doctus

264 2385 437 2449 Lassabrm
459 2386 547 2450 refici
571 2387 672 2468 iussit,
694 2386 868 2470 statimque
891 2385 1035 2450 recessit

265 2472 346 2536 Post
370 2478 499 2558 tempus
520 2491 656 2557 parvum
679 2472 832 2536 veniebat
855 2470 995 2559 denique
1017 2487 1153 2549 rursum,

266 2558 445 2639 Quaerens,
470 2559 606 2623 obscuro
630 2557 707 2644 quid
730 2565 806 2622 tuno
828 2564 997 2644 pateretur
1016 2559 1053 2622 iu
1073 2560 1175 2619 antro.

266 2645 330 2719 Qui
352 2644 448 2709 dixit:
472 2644 580 2709 ‘Certe
604 2646 718 2709 melius
740 2645 846 2726 valeo,
869 2652 963 2731 pater
985 2645 1082 2724 alme,

265 2730 410 2816 Longius
434 2731 604 2795 horribiles
626 2738 751 2796 tantum
775 2732 851 2817 quia
873 2733 977 2797 sendo
1000 2724 1121 2795 vocer&

264 2817 350 2882 Hinc
374 2819 513 2902 praesul,
537 2819 642 2882 laetus
664 2824 791 2882 secreto
815 2826 949 2904 pectore
970 2818 1088 2898 iactus,
1346 2836 1402 2893 suf

263 2904 448 2989 Egreditur,
471 2906 562 2969 iuxta
585 2925 708 2969 morem
732 2904 881 2969 iaciendo
904 2905 1057 2991 priorem.

266 2990 412 3055 Tandem
436 2998 510 3077 post
533 2992 672 3077 spatium
695 2992 828 3055 veniens
851 2991 1067 3077 quadraginta
1090 2988 1227 3055 dicrum.

264 3075 303 3140 In
327 3079 397 3162 quis
419 3084 590 3162 peccatum
613 3078 723 3162 lapsus
746 3076 878 3142 deflevit
899 3098 1057 3160 amarum,

263 3163 392 3226 invenit
414 3165 547 3245 laetum,
571 3184 668 3249 quem
691 3162 849 3229 credebat
870 3165 939 3229 lore
962 3170 1140 3233 maestum

264 3248 401 3313 Etcum
424 3251 581 3314 laetitiam
604 3252 776 3315 miraretur
798 3251 858 3315 sibi
881 3271 1001 3331 caram,

265 3334 425 3400 Peccator
447 3338 585 3401 lacrimis
608 3339 673 3401 iam
696 3336 869 3401 mundatus
891 3338 976 3402 bene
999 3338 1097 3423 largis

263 3420 306 3485 Et
329 3430 435 3486 certus
458 3425 574 3487 veniae
598 3430 709 3488 sancto
734 3423 864 3488 dicebat
887 3423 1065 3489 amandae:

260 3507 377 3593 ‘Spero
401 3509 541 3594 quidem,
564 3532 624 3595 por
645 3517 678 3574 te
701 3531 753 3575 me
776 3511 904 3589 salvari,
927 3518 1021 3612 pater
1042 3513 1139 3593 alme,

156 3616 195 3658 aso
261 3595 300 3660 In
322 3598 441 3660 somnis
464 3597 539 3682 quia
563 3606 595 3661 te
618 3597 683 3662 vidi
706 3597 869 3662 luctamen
891 3599 972 3662 imre

242 3802 291 3855 183
305 3804 407 3855 litteras
425 3804 460 3855 l!
539 3804 719 3857 1881111111
793 3803 1005 3872 201petiuntl!
1079 3790 1272 3873 tos-pomus

154 3886 208 3922 ros.
227 3871 258 3920 ll!
343 3872 395 3923 212
414 3871 566 3939 Egredietur
584 3874 618 3923 11
701 3873 753 3927 219
771 3876 868 3941 pariter
886 3874 929 3925 ll*
946 3873 969 3939 (r
986 3875 1122 3942 eraso),p

241 4062 348 4129 11311.
376 4064 558 4130 Theopla369.
647 4063 697 4117 184
719 4066 754 4131 cs.
781 4065 949 4130 Tbeopb.82.
1042 4055 1264 4130 12011191-11
1354 4092 1375 4111 s

154 4129 249 4195 (Pasa.
264 4135 396 4201 psyclronr.
411 4139 456 4186 176
473 4135 602 4186 luctamen
620 4135 688 4198 init).
