2910 5024
555 347 610 403 11.
630 345 732 400 Maria.

178 519 353 584 Pisciculos
375 519 519 604 pecudes
542 527 710 607 serpentes
733 526 831 606 atque
854 522 1012 603 volucres,

176 605 391 691 Congaudarc
414 607 480 669 suis
503 606 628 671 donasti
651 606 764 671 sedulo
788 609 897 692 pullis:

177 692 242 758 Sed
263 713 371 757 meme
394 692 497 756 solam
519 695 662 759 sterilem
685 714 853 758 remanere
876 695 1035 759 misellam
1203 693 1300 759 [Μ’

176 779 283 845 (lausa
305 779 414 845 iudicii
436 780 555 845 iussisti
578 780 716 866 denique
740 781 829 844 recti.

176 866 224 931 'Pe
247 873 358 931 tamen
381 867 595 953 omnipatrem
618 868 776 932 constanti
800 873 932 953 pectore
956 872 1074 933 testem

174 953 305 1034 Invoco,
329 954 469 1040 coniugii
491 955 595 1040 primo
619 953 707 1040 quod
729 961 878 1055 tempore
901 955 986 1035 vovi,

176 1040 210 1105 si
231 1041 353 1105 ventris
376 1041 513 1104 fructum
536 1041 613 1104 mihi
636 1047 819 1126 praestares
843 1041 914 1126 pius
937 1041 1048 1122 ullum,

175 1125 271 1192 Hunc
294 1148 370 1191 mox
392 1128 424 1191 in
447 1129 570 1228 templo
593 1128 661 1192 sisti
685 1127 744 1192 tibi
766 1127 826 1192 rite
850 1134 976 1193 sacrato

177 1213 407 1300 Obsequioque
431 1215 477 1278 tui
499 1215 599 1298 legali
621 1234 710 1278 more
733 1213 875 1279 sacrari.

218 1300 312 1365 Talia
335 1300 411 1365 dum
434 1300 561 1365 mundis
583 1301 739 1366 formaret
760 1301 895 1366 verbula
918 1301 1027 1382 labris,

178 1387 326 1472 Angelus
349 1388 507 1473 astrigero
529 1388 636 1453 subito
660 1387 829 1452 descendit
851 1387 893 1452 ab
916 1388 994 1469 alto,

176 1473 320 1538 Maxima
342 1474 491 1538 tristitiae
515 1481 648 1560 portans
670 1475 827 1538 solamina
850 1480 971 1576 tantae,

176 1560 219 1625 nt
241 1566 331 1626 stans
353 1561 413 1626 sub
436 1562 519 1626 facie
544 1561 635 1626 dictis
658 1561 741 1626 haee
763 1561 849 1625 satur
871 1562 998 1626 amicis:

175 1646 281 1713 ‘Exue
303 1667 497 1729 maerorem,
520 1648 626 1713 cordis
649 1647 776 1734 depone
800 1647 956 1729 dolorem,

178 1732 384 1820 Consilioqua
409 1733 462 1799 dei
484 1755 619 1820 germen
642 1734 701 1799 tibi
724 1734 847 1799 credito
869 1735 999 1809 summi;

178 1821 260 1902 Hoc,
307 1820 373 1885 uod
393 1827 507 1887 ventre
531 1829 586 1886 tuo
610 1820 767 1907 procedet
789 1827 944 1932 tempore
960 1824 1060 1901 certo,

176 1908 264 1973 Vere
285 1842 375 1973 det
367 1907 454 1972 idem
477 1910 605 1994 populis
628 1907 775 1972 mirabile
800 1907 944 1973 cunctis?

177 1994 279 2075 Dixit,
303 2002 337 2059 et
358 1995 520 2079 aurivagis
543 1996 691 2060 revolans
714 2001 804 2059 secat
790 1995 960 2058 taethera
982 1992 1105 2079 pennis.

178 2082 275 2146 Anna
297 2081 366 2162 sed,
390 2083 544 2166 angelicis
566 2083 698 2146 nimium
721 2083 894 2167 perterrita
915 2079 1033 2159 verbis,

179 2167 305 2233 Maesta
329 2130 460 2233 ddmum
483 2170 576 2254 petiit
599 2189 670 2233 sesa
693 2169 843 2254 lectoque
867 2169 995 2248 locavit,

178 2255 221 2320 Et
242 2256 435 2320 tremefacta
457 2255 544 2320 diem
567 2256 763 2341 psalmorum
787 2257 861 2340 lege
884 2258 1052 2342 †perorat,

177 2342 296 2407 Effusis
318 2348 447 2408 noctem
471 2343 619 2428 precibus
643 2341 790 2407 ducendo
813 2349 950 2429 sequent
951 2363 1013 2407 em.

179 2430 259 2494 Post
280 2429 363 2494 haec
386 2450 465 2530 crgo
488 2451 579 2493 suam
602 2431 769 2530 praecepit
756 2428 907 2494 tadesse
930 2430 1084 2516 puellam,

179 2517 349 2581 dstantem
372 2517 515 2600 rogitans
536 2518 675 2602 propriis
697 2517 785 2581 illam
807 2516 866 2581 snb
891 2517 1011 2598 ocellis,

180 2603 245 2668 Cur
266 2625 301 2668 sa
326 2603 518 2689 despiceret,
542 2604 595 2667 vel
618 2610 762 2667 curtam
786 2623 858 2668 sero
881 2605 1016 2686 veniret,

181 2690 262 2756 (lum
285 2690 345 2754 sibi
369 2690 503 2755 sentiret
524 2690 595 2754 fieri
618 2689 695 2775 quid
717 2691 800 2754 forte
823 2696 874 2753 stu
898 2689 984 2756 endi.

219 2776 376 2841 Reddidit
398 2784 530 2842 econtra
554 2777 704 2841 dominae
726 2778 847 2842 lasciva
868 2712 1000 2842 idmona
1200 2780 1251 2846 1⁰²·
1267 2784 1296 2830 7¹

177 2863 366 2974 Obprobriis
388 2865 509 2927 iactum
532 2865 640 2928 servili
663 2884 825 2928 murmure
849 2865 999 2929 verbum:

177 2950 224 3015 ‘Si
246 2958 278 3016 te
301 2951 453 3036 despexit
475 2951 618 3014 sterilem
640 2951 762 3015 faciens
786 2950 889 3030 deus,’
911 2952 1024 3038 inquit,

177 3037 259 3118 ‘Dic,
281 3057 372 3122 rogo,
397 3037 525 3102 divinae
548 3059 665 3103 causae
689 3037 766 3124 quid
789 2999 931 3124 pertinet
952 3037 996 3102 ad
1018 3040 1106 3104 mel’

177 3126 273 3189 Anna
296 3123 355 3188 sed
377 3124 585 3210 obprobrium
606 3126 770 3210 patienter
791 3126 925 3211 partulit
946 3124 1042 3208 istud,

177 3210 355 3276 Effuudens
378 3217 501 3275 tantum
525 3212 673 3276 lacrimas
695 3211 855 3276 subtristis
877 3232 1013 3277 amaras

223 3298 353 3363 Scilicet
375 3298 467 3362 bac
457 3319 528 3384 1psa
550 3298 694 3363 Ioachim
717 3297 934 3384 praedictus
925 3320 958 3363 ιιι
979 3299 1060 3365 hora

178 3385 323 3469 Angelus
346 3405 507 3471 apparens
528 3386 613 3450 inter
635 3392 789 3450 montana
810 3386 987 3471 refulgens,

177 3471 216 3535 In
239 3473 310 3558 quis
333 3479 409 3537 tunc
432 3472 595 3558 pascendo
618 3493 754 3558 gregem
776 3473 962 3537 latitaverat
984 3479 1104 3553 autem,

331 3614 505 3620 *κ’-
530 3616 621 3621 ,-.--
638 3615 850 3621 --——--——-
876 3615 1205 3623 ---—·—...--·—------

158 3696 208 3750 132
226 3699 276 3750 Sed
294 3717 333 3750 me
351 3700 403 3750 mat
421 3701 499 3750 solam
523 3699 556 3749 Μ
576 3698 600 3762 (t
620 3717 653 3750 ιι.
678 3719 709 3751 m.
733 3699 774 3764 2),
798 3701 846 3751 Sed
868 3697 960 3764 meruel
982 3698 1061 3762 (orna.
1079 3699 1102 3764 t)
1119 3717 1150 3765 ιιι
1174 3696 1205 3762 σι’.

114 3787 133 3821 ι.
156 3773 206 3820 108
316 3766 366 3819 138
392 3770 538 3836 Obsaqnoq3
567 3770 609 3818 111ι
729 3768 778 3821 141
806 3771 920 3820 Maxime
945 3769 986 3820 Μ1
1014 3767 1093 3833 (con.
1120 3787 1154 3820 ιιι.
1181 3769 1206 3835 1)

114 3788 512 3890 lmaeroramcordiscoaindoer't
514 3788 596 3891 ancbu
577 3839 717 3906 urzfler'scls
735 3837 782 3902 (cf.
802 3838 866 3905 Sap.
881 3840 982 3904 6513)
1052 3836 1102 3890 147
1115 3839 1206 3891 aetbra

117 3905 188 3973 ,·.cs
216 3925 267 3958 arc.
294 3911 341 3958 126
366 3925 402 3973 ιι.
491 3907 541 3959 150
570 3907 662 3975 porlatl
688 3909 753 3970 Μ(
744 3909 856 3976 (perorat
880 3906 919 3975 p),
946 3908 991 3960 aad
1015 3915 1055 3960 -at
1078 3913 1206 3971 ιιιιιιιιιῖ,

114 3985 172 4029 teter
190 3977 275 4028 houm
278 3977 363 4028 traam
452 3975 500 4030 157
519 3986 615 4030 tactum
633 3978 676 4028 M.-
697 3996 743 4030 cor
744 3980 799 4030 ναί

157 4146 207 4200 133
225 4150 259 4215 cf.
279 4148 334 4200 Pel.
348 4153 401 4200 181.
475 4146 524 4200 134
541 4146 577 4212 cf.
598 4148 667 4199 Mar.
687 4151 745 4199 638.
819 4146 868 4200 144
888 4147 1067 4200 ramirans
1084 4151 1205 4215 quoniam

113 4218 219 4269 oonsilio
233 4219 439 4284 daiastgerman
453 4225 534 4269 tunm.
607 4215 655 4268 147
674 4219 866 4284 aurivagistcf,
881 4218 1033 4283 Gorrgssott.
1083 4221 1118 4284 cs.
1133 4219 1205 4284 ναι.

113 4305 153 4354 ιιι.
167 4288 246 4338 1406
263 4288 346 4338 levem
365 4289 468 4353 fugiens
486 4297 556 4338 sseat
575 4288 680 4338 aethera
699 4289 783 4353 pinnis
801 4287 835 4350 (a.
850 4289 866 4338 1.
886 4288 996 4354 pennis).
1084 4287 1133 4340 154
1151 4288 1205 4338 Pr.-

113 4357 163 4408 utb.
177 4360 194 4408 2
210 4365 236 4407 et
254 4364 282 4408 tu
300 4373 348 4408 use
366 4357 466 4424 ingredi
483 4358 516 4408 ad
535 4374 575 4408 me
595 4357 717 4407 voluisti?
806 4354 856 4408 158
873 4359 908 4424 cs.
928 4356 999 4408 Mar.
1012 4358 1054 4409 93.
