2910 5024
332 343 373 396 lll
391 346 416 403 2,
434 344 585 411 primordia
603 345 720 399 coenobii
739 346 984 401 Goodcsbemcnais.
1177 349 1229 402 933

199 516 320 602 ljsdcm
345 519 545 603 temporibus
568 518 714 604 possedit
739 540 824 604 papa
848 519 963 583 beatus
1074 562 1075 565 κ

199 603 331 689 Sergius
354 604 511 670 ecclesiae
534 607 707 691 primatum
732 626 872 690 namque
896 605 1070 689 regendae.

198 690 260 754 Hic
282 690 339 753 ubi
362 690 501 775 perlegit
524 701 629 755 cartas
652 693 738 775 regis
761 692 821 755 sibi
844 691 968 770 missas,

197 775 313 851 Sensit,
338 776 460 840 honore
485 778 599 842 ducem
623 799 747 842 summo
772 777 903 861 dignum
927 779 1127 851 venientem

195 862 237 926 Et
259 863 476 948 perquirendo
500 886 640 946 causam,
665 885 727 950 qua
751 869 885 927 venerat
908 864 973 943 illo,
1168 880 1228 933 (rasi

194 949 325 1013 Affeotu
347 949 417 1012 miti
439 950 592 1014 blandum
616 972 650 1014 se
675 951 824 1035 praebuit
847 950 901 1013 illi.

196 1034 301 1106 Quem
325 1055 385 1098 oen
408 1038 594 1120 pontificem
618 1057 778 1100 summum
800 1037 915 1099 merito
939 1036 1160 1100 venerandum

196 1120 344 1185 Exorans
368 1121 434 1184 dux
456 1123 626 1187 Lindullus
650 1144 720 1187 cum
746 1124 882 1205 coniuge
907 1143 1037 1208 pronus,

194 1207 302 1271 Utitur
324 1208 373 1270 hia
397 1211 502 1273 verbis
525 1217 595 1274 tota
618 1209 789 1273 dulcedine
813 1209 935 1272 mixtis:

194 1291 318 1358 ‘lnolite
342 1314 438 1379 pape.
462 1297 586 1359 tuisne
611 1297 653 1359 sis
678 1296 775 1359 durus
798 1296 987 1379 peregrinis,
1167 1315 1225 1362 (κο)

195 1379 256 1451 Qui
280 1380 321 1444 de
345 1381 529 1467 longinquis
553 1390 708 1446 terrarum
733 1383 878 1445 venimus
902 1383 965 1445 oria

196 1465 382 1530 Muneribus
404 1470 504 1533 nestri
527 1470 699 1532 famulatus
723 1474 755 1530 te
780 1469 937 1531 venerari.

194 1551 333 1616 Nitimur
355 1553 496 1618 ardentis
520 1562 589 1619 toto
614 1555 782 1618 conamine
805 1554 923 1617 mentis

196 1637 343 1702 Condere
368 1640 560 1704 coenobium
585 1640 705 1704 domiui
729 1640 788 1703 sub
812 1641 934 1704 honore
958 1635 1164 1708 sacrandum

196 1724 289 1788 Unde
314 1725 443 1810 quidem
468 1728 567 1790 visum
592 1727 685 1790 nobis
710 1735 759 1788 est
782 1727 923 1789 maxime
946 1727 1076 1804 iustum,
1167 1740 1224 1788 usu

194 1813 221 1873 A
244 1817 278 1874 te
301 1812 424 1875 consilii
447 1814 592 1876 solamen
617 1833 773 1897 quaerere
798 1814 877 1876 certi

194 1895 234 1960 Et
256 1896 396 1961 studium
419 1901 520 1963 nostri
544 1900 602 1962 tibi
625 1901 685 1962 rite
709 1898 871 1982 precando
895 1897 1000 1966 lateri,

194 1981 253 2056 Qui
277 1991 374 2068 caput
397 1986 553 2049 ecelesiae
577 1991 646 2049 toto
670 1984 843 2048 domineris
865 1985 897 2047 in
921 1983 1015 2053 orbe;

195 2068 276 2149 Quo,
300 2071 328 2132 si
351 2071 435 2133 forte
459 2072 517 2135 tibi
539 2073 669 2156 placeat
692 2070 822 2134 devotio
845 2071 956 2149 nostri,

193 2156 357 2219 Auxilium
383 2158 561 2240 praebente
585 2164 640 2220 tua
664 2159 785 2241 pietate
808 2164 955 2241 patema,
1166 2168 1222 2220 (1⁵⁰)

195 2240 288 2315 Quod
312 2243 395 2305 votis
417 2245 569 2326 gerimus,
594 2244 688 2307 factis
711 2244 796 2307 bene
819 2243 1033 2328 perficiamus.

192 2327 240 2391 Ac
263 2335 309 2407 tu,
333 2330 499 2393 consilium
523 2331 611 2393 euius
634 2331 750 2393 merito
773 2330 967 2414 flagitamus,

193 2413 358 2499 Susceptis
382 2414 473 2480 donis
497 2417 647 2479 clementi
671 2423 804 2500 pectore
828 2417 954 2491 nostris,

194 2499 324 2565 Scilicet
347 2508 380 2564 et
403 2504 489 2586 regis
513 2502 696 2587 compulsus
720 2522 829 2565 amore
853 2503 1013 2585 perennis,
1053 2569 1056 2573 ,
1181 2570 1184 2573 ,

192 2585 328 2650 Praesta
350 2595 531 2651 sanctorum
556 2589 649 2651 nobis
672 2609 764 2651 sacra
787 2588 932 2673 pignore,
956 2609 1092 2672 quorum
1164 2604 1221 2655 (ras)

192 2671 303 2736 Omnis
327 2675 475 2738 coenobii
499 2675 692 2738 constructio
716 2675 818 2759 possit
841 2675 953 2737 honori

191 2757 278 2844 Apte
303 2760 432 2842 signari,
456 2762 554 2824 sacris
576 2762 763 2844 meritisque
788 2762 881 2825 tucri.

190 2844 299 2930 thue
322 2848 363 2909 sit
386 2847 508 2931 absque
532 2848 607 2929 iugo
631 2868 745 2929 rogum
769 2867 827 2930 per
849 2848 958 2910 saecla
981 2852 1150 2931 potentum

189 2929 258 2995 Nec
282 2939 482 2996 terrenorum
506 2935 648 3017 patiatur
670 2935 733 2996 vim
758 2932 970 3013 dominorum,

191 3016 264 3081 Hoc
286 3020 423 3083 rectoris
445 3020 613 3103 apostolici
637 3020 739 3082 solum
764 3019 876 3082 ditioni
1163 3032 1222 3083 uso>

191 3103 362 3168 Tradimus
386 3104 427 3168 ad
451 3105 690 3169 defendendum
713 3106 897 3189 pariterque
921 3101 1124 3187 regendum.²

189 3189 282 3253 Haec
307 3190 382 3255 dux.
427 3192 470 3255 Et
492 3212 634 3254 summus
657 3192 785 3275 praesul
808 3193 853 3254 sie
878 3191 1011 3274 Sergius
1035 3209 1126 3252 orsus

188 3276 309 3361 lnquit:
334 3277 393 3340 ‘Te
416 3279 485 3341 miti
509 3279 707 3361 complector
728 3283 872 3362 pectore,
896 3277 952 3356 fili,

191 3361 447 3448 Consortemque
471 3372 560 3427 tuam
583 3366 703 3447 pariter
726 3364 926 3448 complector
947 3360 1131 3439 amandam

187 3449 297 3533 Atque
320 3450 381 3534 piis
405 3449 517 3513 studiis
541 3450 686 3533 gaudens
710 3450 900 3534 congaudeo
925 3450 1049 3530 vestris,
1163 3464 1220 3516 uss)

191 3535 261 3599 Nec
284 3537 376 3600 vobis
400 3536 496 3600 credo
521 3538 569 3599 fas
593 3557 664 3600 esse
688 3556 809 3619 negare
832 3537 944 3621 petita.

185 3621 249 3685 Hic
272 3621 335 3686 duo
360 3630 501 3686 rectores
525 3623 652 3686 fuerant
675 3622 847 3707 aliquando
871 3629 1033 3707 potentes,

187 3708 323 3771 Praesul
345 3709 535 3772 Anastasius
559 3709 645 3772 sedis
668 3710 885 3772 sanctissimus
907 3709 1001 3771 huius

165 3893 217 3946 125
232 3897 340 3948 Eisdem
354 3897 375 3956 t,·
388 3899 422 3963 cf.
436 3914 488 3948 asc.
498 3903 528 3948 19
598 3896 648 3949 129
661 3898 705 3949 ille
718 3899 735 3961 l,
748 3899 802 3949 illic
814 3897 844 3947 li:
856 3898 969 3956 eorreei;
981 3899 1016 3963 os.
1035 3896 1151 3961 Theopl.
1163 3902 1217 3961 110,

145 3969 209 4016 mo
301 3963 352 4017 130
378 3967 481 4018 Affeetu
498 3968 533 4016 eie
552 3967 574 4016 l:
593 3968 717 4018 Affstuli
812 3965 862 4018 133
884 3968 920 4020 Ut
937 3967 1017 4033 igitur
1036 3966 1054 4028 1,
1073 3967 1168 4032 Utique
1187 3965 1219 4023 Ιι;

139 4033 195 4084 Bne.
205 4037 238 4084 81
318 4034 369 4087 146
387 4037 461 4087 cuius
479 4036 571 4100 scripsi
588 4036 632 4097 (de
651 4036 741 4087 ordine
758 4036 894 4087 cerdonem
912 4036 946 4102 os.
965 4053 988 4087 o.
997 4034 1076 4088 4901:
1095 4036 1172 4087 nimis
1190 4035 1220 4086 oz

149 4105 295 4222 mpptisqus
314 4104 342 4154 bl
430 4103 480 4156 156
505 4113 533 4156 at
552 4104 656 4156 Leibniz
745 4103 796 4156 160
819 4121 875 4157 esse
893 4108 933 4157 sus
951 4106 1027 4156 credo
1046 4105 1085 4169 bu,
1104 4107 1144 4157 tas
1162 4121 1219 4156 esso

139 4190 152 4224 n

157 4324 213 4463 23?
232 4327 423 4447 ls’w'm
494 4324 544 4378 138
562 4329 595 4393 cf.
609 4327 906 4392 Mar.407,prim.278.
981 4327 1031 4381 143
1044 4332 1079 4396 cf.
1090 4349 1117 4396 p.
1131 4336 1219 4393 10134.

143 4414 181 4447 c.
196 4413 276 4460 prem.
343 4433 349 4446 .
