2910 5024
518 401 572 456 15.
594 398 765 468 Theophilus.

179 572 301 658 Diligo,
325 571 482 652 consolor,
504 572 643 657 propriis
666 575 844 659 amplector
867 581 900 638 et
922 576 1014 656 ulnis,

183 659 273 732 Quos
295 665 469 723 exorantes
492 657 612 722 crebris
634 658 814 746 himnisque
838 668 989 726 vacantes

177 745 352 830 Invigilare
375 764 449 809 meo
473 764 569 809 cerno
593 746 782 831 saepissime
806 749 936 833 templo.

179 831 320 896 Materni
341 830 401 895 sed
422 831 470 895 vis
492 831 583 895 fortis
605 852 658 896 me
682 835 769 918 cogit
791 835 920 916 amoris,

177 917 264 983 Hinc
286 918 389 1002 magis
412 937 491 1002 erga
513 924 546 981 te
568 919 667 983 nimio
690 920 873 985 fervescere
896 922 978 1002 zelo,

181 1004 279 1078 Quod
300 1005 554 1090 praesumpsisti,
575 1005 751 1070 tradendus
773 1006 956 1093 perditioni,

178 1090 443 1178 Blasphemando
467 1092 532 1155 mei
554 1099 699 1156 sanctum
723 1100 952 1179 contempnere
974 1101 1097 1174 natum,

181 1177 256 1260 Qui,
280 1177 360 1242 deus
384 1184 535 1242 aeternus
557 1176 599 1242 de
622 1186 715 1263 patre
740 1178 801 1245 deo
824 1189 997 1265 generatus

178 1264 281 1329 Retro
304 1264 454 1350 principii
476 1264 650 1350 primordia
672 1286 752 1330 cana
775 1268 890 1347 sereni,

178 1350 232 1415 Ex
254 1370 307 1414 me
331 1349 481 1436 dignutus
503 1353 638 1437 sumpsit
660 1353 719 1417 sub
743 1358 890 1438 tempore
915 1373 1040 1438 corpus,

177 1436 274 1512 Quod
296 1436 386 1501 dedit
409 1438 569 1501 humanae
593 1440 689 1503 morti
710 1441 848 1503 nationis
871 1439 1004 1505 amore’

227 1523 319 1587 Talia
341 1523 462 1588 dicenti
484 1530 593 1588 castae
618 1523 737 1589 Christi
759 1527 906 1609 genitrici

180 1608 240 1675 Vir
261 1630 410 1675 maerens
433 1611 540 1675 animo
564 1618 676 1675 contra
698 1613 743 1676 sic
766 1613 852 1676 fatur
874 1631 997 1676 amaro:

178 1693 220 1760 ‘0
242 1716 318 1760 mea
340 1696 469 1777 domna,
492 1699 569 1778 scio,
592 1699 788 1784 nimiumque
812 1700 944 1763 tabesco
968 1697 1109 1775 sciendo,

179 1783 257 1847 Plus
278 1784 362 1847 iusto
387 1785 461 1868 quia
484 1783 604 1868 deliqui
626 1806 685 1871 spe
708 1792 821 1871 captus
843 1785 940 1865 inani,
1203 1801 1314 1866 sotem

178 1867 333 1933 Commisi
356 1872 477 1934 cunctis
500 1871 622 1935 facinus
646 1872 730 1935 vitiis
754 1892 881 1957 quoque
904 1870 1006 1957 peius,

179 1955 400 2041 Despiciendo
424 1956 520 2021 deum
545 1955 584 2022 de
608 1965 641 2022 te
664 1960 733 2023 sine
756 1959 851 2022 sorde
873 1959 1049 2044 profusum.

176 2041 262 2107 Hinc
284 2063 349 2107 non
371 2064 442 2107 sum
465 2043 579 2129 dignus
601 2046 717 2109 veniae
740 2047 928 2130 conquirere
951 2064 1079 2115 munus;

178 2127 244 2192 Sed
266 2136 376 2194 tamen
399 2131 584 2216 exemplum
607 2131 700 2195 nobis
722 2133 864 2196 tribuere
888 2131 999 2196 salutis

177 2212 366 2300 Sperandae
389 2218 491 2298 multi,
514 2218 603 2281 vario
627 2220 681 2303 qui
704 2219 834 2283 crimine
857 2220 938 2304 lepsi

180 2302 259 2367 Post
281 2304 313 2367 la
338 2324 407 2366 sum
430 2304 589 2368 scelerum
611 2305 739 2368 veniam
761 2326 909 2370 meruere
932 2323 1071 2369 suorum.

178 2387 294 2454 Nonne
314 2324 478 2454 Ninivitae
502 2392 614 2455 mitem
639 2390 756 2456 Christi
779 2393 945 2478 pietatem,

178 2474 257 2540 Sese
281 2475 447 2561 condignis
471 2478 649 2545 cruciantes
675 2499 814 2564 namque
838 2478 998 2557 lamentis,

176 2560 336 2627 Invenere
360 2563 455 2627 trium
477 2570 551 2649 post
572 2565 744 2629 intervalla
767 2564 913 2631 dierum?

176 2647 292 2713 Nonne
314 2648 432 2731 David,
454 2651 615 2736 propheta
638 2649 700 2733 dei,
723 2653 872 2738 princeps
896 2672 1024 2738 quoque
1047 2653 1139 2737 regni

176 2734 310 2817 ludaici,
332 2736 464 2821 plebem
487 2735 609 2801 domini
631 2738 685 2822 qui
707 2739 793 2802 rexit
814 2739 961 2818 herilem,

175 2822 291 2887 Illicito
313 2831 434 2909 nuptae
457 2822 563 2888 subito
586 2831 781 2908 praeventus
804 2845 924 2905 amore,

176 2908 250 2972 Non
272 2910 366 2973 timet
387 2909 510 2974 insidiis
533 2911 812 2976 circumveniendo
835 2911 955 2975 dolosis

176 2994 344 3060 Insontem
366 2998 433 3061 vita
455 2995 606 3062 fraudare
629 2998 732 3061 virum
755 2999 823 3062 sine
848 3018 955 3077 causa,

179 3080 379 3167 Complexus
402 3104 497 3149 carae
519 3085 606 3149 licito
630 3104 693 3170 quo
717 3092 828 3169 posset
849 3083 987 3148 habere:

178 3167 244 3233 Sed
266 3175 448 3255 postquam,
471 3171 553 3235 vatis
575 3172 764 3255 perterritus
787 3171 988 3235 advenientis

177 3254 366 3336 Admonitu,
390 3258 501 3342 culpas
524 3255 636 3321 didicit
658 3256 779 3322 deflere
802 3257 970 3342 gemellas,

176 3340 308 3406 Delevit
329 3344 471 3408 lacrimis
493 3349 603 3408 tantae
625 3345 768 3408 maculas
791 3345 854 3409 cito
876 3343 989 3423 sordis,

177 3426 327 3515 Suscepit
347 3451 472 3494 rursum
494 3430 687 3518 prophetiae
711 3451 839 3517 quoque
863 3429 992 3495 donum.

177 3513 262 3587 Quid
284 3517 425 3581 referam
447 3516 592 3593 Petrum,
616 3516 744 3581 Christo
767 3523 907 3582 testante
930 3517 1084 3582 beatum?

177 3601 251 3684 Qui,
273 3608 445 3688 postquam
467 3604 517 3668 ius
539 3603 685 3668 solvendi
708 3605 893 3690 pariterque
915 3604 1036 3689 ligendi

175 3686 311 3754 Necnon
333 3690 519 3776 stelligerae
543 3692 651 3756 claves
674 3697 846 3776 acceperat
868 3691 962 3756 aulae

177 3774 241 3840 Pro
264 3775 341 3840 fidoi
362 3783 472 3842 rectae
495 3778 573 3842 satis
596 3797 752 3863 expressa
774 3779 908 3852 ratione,

175 3861 391 3945 Detestando,
416 3862 511 3928 deum
533 3885 606 3929 sese
629 3884 826 3950 cognoscere
849 3863 1021 3940 Christum,
1201 3881 1251 3947 sol.
1264 3883 1316 3934 tar

174 3947 329 4031 Rennuit,
350 3951 489 4015 ancillae
511 3971 627 4016 vocem
648 3950 823 4015 metuendo
846 3949 1006 4015 nefandae
1030 3984 1071 3995 —

150 4102 205 4157 224
221 4103 259 4173 et]
278 4130 298 4168 η
313 4105 465 4172 upraeer
476 4107 683 4158 comuetridinem
701 4104 739 4170 (et
756 4123 805 4158 om.
814 4106 858 4172 ρ’,
870 4122 904 4157 sa.
913 4105 959 4172 ρ’)
1028 4101 1080 4156 256
1092 4111 1163 4167 tante
1176 4140 1202 4156 ..

61 4176 147 4228 cordia
166 4174 208 4226 M:
226 4175 342 4237 correct·
365 4176 401 4242 cf.
418 4191 471 4227 arc.
485 4180 525 4240 55,
547 4176 838 4243 Ocrrq.376,Baa.196
942 4172 993 4226 259
1011 4183 1068 4242 post
1085 4173 1204 4240 quamuis

61 4244 108 4296 M:
125 4245 229 4297 ecrmi
246 4245 307 4296 coll.
324 4243 405 4296 Dion.
422 4262 445 4296 u.
457 4246 568 4311 1280qq.

148 4361 263 4432 245qq.
281 4364 318 4431 es.
330 4361 412 4414 Patri·
422 4380 444 4416 c.
459 4366 483 4428 2,
495 4368 527 4417 10
543 4360 614 4427 (Ion.
626 4366 650 4428 3,
668 4363 712 4414 uti
722 4363 790 4414 nihil
807 4363 838 4415 dc
851 4363 952 4423 triduam·
968 4379 1056 4430 rapum
1069 4362 1107 4414 11
1116 4368 1145 4414 11
1153 4379 1204 4428 rq.,·

60 4432 157 4487 uma
169 4439 206 4499 rs,
226 4438 268 4487 17.
287 4437 326 4486 re.
345 4432 450 4498 ac‚so).
537 4430 589 4484 253
607 4433 642 4499 cf.
661 4432 724 4484 aas.
738 4437 780 4485 oo.
