2910 5024
519 339 576 394 13.
598 338 760 408 Goupolsae.

179 510 244 578 Sed
266 510 367 576 tristis
390 511 539 576 meritam
562 513 679 577 mentis
702 513 909 598 mitigaverat
931 515 1012 580 iram

218 598 377 684 Princeps
401 595 592 684 Gongclfus‚
616 599 738 665 arbiter
760 601 921 686 egregins,

85 705 90 740 ἰ
177 684 350 767 Mandane,
372 690 410 748 ut
430 685 563 771 propria
585 683 786 750 damnandus
810 687 944 753 clericus
967 708 1044 773 ergo

217 769 386 857 Expulsus
408 772 515 835 subito
538 779 693 858 pergeret
717 792 735 836 e
759 774 874 858 patria,

171 856 247 931 Quo
272 877 331 922 sua
352 856 512 922 finetenus
535 858 620 922 mala
644 857 780 923 defleret
801 862 992 943 scelerosus,

219 944 374 1010 Seolusus
396 945 503 1030 petria
526 952 560 1009 et
583 943 678 1009 datus
702 946 811 1026 exilio,

169 1029 219 1096 Et
243 1031 343 1095 donat
364 1031 516 1095 miseram
540 1031 653 1096 veniae
677 1033 848 1096 miseratus
870 1033 1006 1114 honore,

219 1117 315 1181 Ultra
336 1116 396 1181 sed
418 1118 548 1204 proprio
571 1139 637 1182 uon
660 1119 746 1183 locat
767 1119 800 1183 in
823 1119 977 1183 thalamo.

166 1255 256 1319 Post
278 1254 360 1318 haec
383 1253 536 1339 Gongolfi
557 1254 645 1319 lama
668 1261 832 1321 crescente
857 1256 956 1339 beati,

219 1339 400 1405 Laudatrix
422 1341 509 1404 ritae
534 1361 617 1427 quae
641 1342 701 1406 fuit
723 1343 892 1426 almificae,

171 1426 292 1491 Veffer
315 1426 471 1512 deceptor
491 1426 656 1492 hominum
681 1435 857 1514 captorque
881 1451 1022 1512 reomm‚

219 1513 382 1579 Evolvens
406 1513 503 1578 bilem
525 1514 666 1578 invidiae
689 1520 845 1596 veterem,

178 1599 360 1666 Fraudibus
383 1601 563 1685 omnigenis
586 1602 738 1686 antiquae
763 1601 947 1666 calliditatis

221 1687 408 1772 Temptavit
430 1687 550 1751 lamam
574 1707 732 1752 evacuare
756 1688 886 1769 bonam,

178 1772 340 1859 Negans,
365 1774 516 1859 exemplo
540 1774 598 1838 tali
619 1780 776 1860 tantoque
800 1796 906 1854 suasa,

219 1860 306 1924 Ante
329 1860 470 1944 superba
492 1881 550 1924 sua
573 1860 656 1924 colla
679 1860 772 1925 daret
795 1861 935 1926 domino.

180 1946 339 2032 Tempore
362 1953 438 2010 tunc
459 1948 557 2032 longo
581 1946 710 2011 sudavit
732 1948 844 2013 fraude
868 1948 1011 2033 maligna

220 2032 370 2097 Laedere
393 2032 562 2110 famosum,
585 2054 646 2098 nec
669 2034 778 2115 valuit,
802 2034 963 2111 duculum,

181 2118 215 2183 In
239 2120 324 2184 soles
348 2121 423 2205 quia
446 2121 670 2205 multo-magis
692 2122 741 2184 ris
765 2123 865 2185 crevit
887 2122 1004 2185 amoris

222 2206 311 2271 Illius
334 2207 445 2292 magni
467 2206 616 2270 cordibus
638 2208 671 2271 in
693 2208 813 2293 populi.

182 2341 349 2409 Postremo
372 2342 493 2407 bandis
515 2343 669 2407 miserum
693 2343 904 2410 circumdedit
926 2344 1033 2426 armis,

222 2429 326 2504 Quem
351 2430 482 2494 sceleris
506 2451 603 2493 causa
625 2432 767 2517 reppulit
790 2451 808 2495 e
831 2433 946 2517 patria,

184 2514 351 2601 Sanguinis
372 2517 523 2602 huncque
547 2517 599 2581 siti
621 2518 712 2580 iussit
734 2518 861 2584 fervere
885 2517 1026 2604 superbi,

219 2602 289 2669 Nec
311 2604 403 2668 scivit
425 2605 555 2688 proprio
578 2623 713 2690 parcere
735 2605 800 2667 iam
825 2604 964 2670 domino.

182 2687 249 2754 Tali
272 2690 410 2755 suffusus
434 2690 540 2754 subito
563 2711 635 2753 cum
659 2689 735 2755 felle
758 2692 902 2756 misellus

220 2777 258 2840 In
280 2784 420 2842 mortem
442 2777 517 2841 iusti
540 2783 668 2840 aestuat
691 2783 789 2861 atque
812 2779 856 2863 pii

180 2861 234 2942 Ac,
257 2864 352 2964 parili
373 2869 526 2948 repetens
549 2883 689 2948 ganeam
713 2864 842 2928 feritate
865 2864 1051 2950 malignam,

219 2949 271 3013 1111
293 2949 428 3015 nudavit
450 2950 567 3030 omnia,
591 2970 675 3034 quae
698 2949 830 3028 studuit,

181 3032 273 3099 Ocius
295 3037 388 3117 haec,
412 3037 481 3100 eius
503 3037 609 3121 pravis
632 3035 726 3122 (heu)
750 3037 878 3101 subdita
901 3036 995 3115 votis,

221 3122 249 3187 Ο
274 3124 365 3203 tavit,
389 3123 482 3187 citius
504 3124 569 3186 iam
591 3123 661 3187 fieri
684 3124 818 3202 lacinus,

180 3144 295 3273 Tendit
316 3217 350 3273 et
373 3209 504 3274 insidias
525 3211 609 3273 iusto
634 3211 717 3274 clam
738 3230 857 3295 nempe
881 3205 1048 3287 nefandas,

218 3295 385 3360 Inmemor
406 3297 558 3381 antiquae
583 3297 652 3378 (ah)
676 3297 805 3382 penitus
829 3295 955 3376 veniae,

181 3379 249 3454 Qua
272 3404 308 3448 se
332 3383 373 3447 de
396 3403 503 3468 poena
525 3382 619 3447 solvit
641 3385 705 3446 iam
728 3384 788 3447 rite
811 3380 957 3469 paranda

217 3468 288 3535 Nec
310 3471 431 3555 patitur
452 3471 551 3533 vitam
573 3476 678 3533 morte
701 3471 808 3555 perire
833 3490 938 3543 ream;

177 3552 235 3618 His
256 3556 386 3641 ingrata
408 3558 512 3641 mcgis
535 3557 622 3620 socio
646 3558 809 3621 consensit
830 3557 938 3641 iniquo

218 3641 398 3730 Servilique
421 3644 498 3727 lupe
520 3643 622 3707 uritur
643 3643 793 3727 igniculo.

178 3725 322 3815 Cumque
345 3731 456 3815 polum
479 3736 608 3815 tegeret
631 3730 772 3794 tenebris
795 3750 861 3792 nox
885 3728 1013 3791 conscia
1036 3723 1167 3807 fraudis,

85 3805 99 3844 ³
220 3814 329 3880 Sensit
352 3815 558 3901 dampnanda
581 3823 708 3901 tempus
732 3818 837 3880 inesse
860 3817 946 3900 lupa,

85 4026 123 4095 33
140 3984 203 4106 ὀ427
213 3990 358 4109 ppepprorus
368 3989 420 4111 a
439 4061 446 4074 ·
463 3988 657 4110 42gssefltslusus
664 3990 716 4110 4,ξὲ
725 3989 914 4122 cerffprsrocl·
977 3984 1032 4040 429
1045 3989 1150 4039 miserat
1160 3987 1202 4037 Μ’

155 4073 213 4124 ecep
438 4078 493 4111 mur
512 4078 529 4110 u
682 4092 687 4106 ι
734 4075 799 4110 coa

156 4195 203 4247 424
220 4199 316 4248 ironice
333 4198 416 4248 Pmd.
435 4198 513 4263 παρὰ.
526 4201 549 4257 3.
560 4202 593 4250 86
610 4199 663 4249 dux
683 4200 773 4259 bonus,
793 4198 888 4248 arbiter
900 4196 1037 4275 egregius.⁸
1098 4190 1149 4243 432
1167 4195 1201 4258 cs.

85 4245 136 4312 dn,
157 4266 190 4316 cd
215 4267 295 4333 Gcrrq.
313 4270 372 4319 304.
459 4266 510 4318 444
532 4285 611 4319 musa
633 4269 735 4319 sceleris
759 4265 844 4332 (parsit
868 4267 1003 4332 ψωμοὶ.)
1026 4283 1043 4314 ι.
1061 4280 1081 4315 e.
1109 4264 1202 4320 coelun

85 4316 107 4370 f·
129 4332 268 4402 orroeos.
356 4334 408 4389 455
424 4338 458 4402 cs.
479 4336 560 4404 corp.
573 4339 626 4388 erc.
714 4335 765 4387 459
783 4339 818 4402 cf.
837 4337 919 4402 eoru.
930 4339 987 4387 419.
