2910 5024
604 334 673 389 115.
692 334 852 400 Pasautr'as.
1243 339 1294 394 175

112 512 132 575 8
242 506 425 572 Paruurrus.
477 504 604 569 Taedet
631 527 684 571 mc
716 509 819 592 magis
847 529 1018 591 morarum,
1042 513 1051 591 Ι
1078 511 1153 594 quia
1181 512 1291 593 timec,

156 595 247 660 illam
271 592 432 677 corrumpi
454 592 635 656 visitatione
658 593 832 658 hominum
854 593 858 677 Ι

246 700 420 744 nsssrssss.
458 676 523 742 Cur
538 678 681 742 taedium
695 682 831 764 pateris!
846 680 849 764 Ι
865 701 921 744 cur
935 682 1023 745 illam
1039 703 1103 746 non
1117 682 1273 748 includis?
1288 685 1291 766 Ι

109 825 134 872 ,0
159 767 258 844 Ecce,
281 765 409 845 cellula,
429 764 434 847 Ι
454 785 549 848 quam
573 763 773 844 desiderasti,
798 774 848 831 est
893 768 1024 831 erfecte.
1043 769 1047 850 Ι

117 859 141 952 9¹
246 851 431 917 Psruurrus.
474 850 597 915 Placet.
635 851 825 936 Ingredere,
849 788 957 933 Tlrais,
981 854 1200 919 habitaculum
1214 855 1218 941 Ι
1232 857 1293 920 tuis
1325 872 1336 908 ⁵

160 937 358 1004 iecinoribus
382 935 538 1001 deflendis
561 938 639 1001 satis
661 942 873 1023 congruum!

247 1024 357 1088 Tuus.
402 1021 506 1096 Quam
528 1022 639 1105 breve,
662 1045 759 1108 quam
782 1026 951 1089 obscurum
972 1027 976 1109 Ι
998 1031 1031 1089 et
1053 1048 1150 1111 quam
1172 1028 1294 1092 incoru-

159 1110 293 1176 medum
314 1115 319 1191 Ι
338 1110 478 1174 tenellae
501 1110 628 1174 mulieri
649 1111 692 1174 ad
713 1111 972 1176 inhabitandum!
994 1113 999 1193 Ι

113 1201 134 1262 0
246 1198 429 1261 Psrnurrus.
486 1193 551 1258 Our
581 1196 801 1261 habitaculum
835 1199 1016 1263 execraris?
1044 1199 1049 1281 Ι
1080 1219 1137 1263 cur
1168 1200 1295 1285 ingredi

159 1283 343 1348 horrescis?
371 1285 376 1364 Ι
401 1281 523 1360 Decet,
552 1287 601 1363 ut,
654 1303 717 1348 uae
744 1290 877 1349 actenus
905 1285 993 1349 fuisti
1021 1284 1177 1351 indomite
1200 1308 1294 1372 vaga,
1314 1319 1338 1357 ιο

160 1391 246 1434 nunc
269 1367 401 1432 tandem
424 1369 457 1431 in
479 1304 838 1452 solitariclrelreneris
860 1372 941 1435 loco.
963 1372 967 1455 Ι

249 1455 359 1519 Tuus.
403 1454 496 1518 Mens
519 1462 648 1519 assuete
671 1456 822 1520 lasciviae
842 1460 847 1538 Ι
866 1457 945 1522 haut
967 1478 1039 1522 raro
1063 1457 1223 1543 inpatiens
1247 1465 1296 1523 est

160 1542 349 1606 austerioris
371 1541 466 1604 ritae.
488 1542 493 1620 Ι

248 1626 431 1691 Psruurrus.
475 1624 555 1689 Ideo
572 1623 671 1690 debet
686 1626 821 1693 habenis
844 1630 1030 1716 disciplinae
1046 1630 1169 1715 stringi,
1190 1634 1195 1712 Ι
1214 1651 1294 1715 quo·

161 1713 244 1778 adus
268 1733 310 1776 ue
334 1712 460 1776 desinat
482 1712 715 1776 contraluctari.
738 1719 742 1793 Ι
1315 1750 1339 1790 u

246 1734 357 1864 loris.
404 1797 500 1872 Quod
520 1797 612 1862 iubet
633 1805 690 1861 tua
703 1800 891 1884 paternitas,
911 1805 916 1878 Ι
935 1822 999 1865 non
1014 1807 1141 1865 recusat
1156 1802 1296 1867 subitum

160 1888 210 1952 ire
231 1906 308 1950 mea
322 1885 443 1958 rilitas;
464 1891 469 1959 Ι
488 1883 548 1948 sed
570 1883 730 1968 quaedam
749 1887 983 1971 inoportunitas
1004 1888 1088 1951 inest
1108 1887 1182 1952 huic
1202 1889 1296 1953 habi·
1316 1893 1365 1958 sot.
1386 1897 1451 1944 116¹

160 1973 289 2052 tatioui,
309 1972 313 2055 Ι
334 1971 471 2036 difficilis
493 1970 536 2034 ad
558 1969 776 2036 sufferendum
799 1993 893 2036 meae
916 1974 1118 2059 fragilitati!

249 2058 433 2123 Psruurrus.
478 2055 570 2130 Quae
593 2057 675 2121 baec
696 2059 941 2144 importunitas?

248 2144 357 2209 Turis.
402 2143 568 2208 Erubesce
592 2143 735 2224 diceret
1315 2177 1340 2217 20

248 2230 431 2294 Psrnurrus.
475 2228 526 2293 Ne
550 2230 732 2311 erubescas,
755 2229 814 2294 sed
835 2231 964 2314 penitus
987 2230 1117 2316 detege.
1138 2234 1142 2311 Ι

114 2313 135 2373 2
250 2316 359 2381 Tuus.
405 2314 490 2389 Quid
519 2317 740 2400 inoportunius
761 2317 765 2398 Ι
786 2316 902 2401 quidve
933 2319 1055 2402 poterit
1083 2338 1154 2382 esse
1175 2319 1296 2382 incom-

162 2401 302 2483 modius,
322 2409 327 2477 Ι
347 2422 443 2487 quam
460 2401 546 2486 quod
567 2403 601 2465 in
621 2423 684 2466 unc
701 2403 882 2488 eodemque
898 2405 968 2467 loco
989 2412 993 2483 Ι
1014 2403 1141 2468 diversa
1156 2406 1297 2490 corporis

162 2489 348 2555 necessarie
376 2489 528 2573 supplere
560 2487 699 2552 debebo.
720 2492 724 2568 Ι
743 2488 814 2553 Nee
841 2488 987 2570 dubium,
1020 2492 1095 2575 quin
1124 2492 1211 2556 ocius
1241 2491 1298 2555 fiat

162 2575 383 2640 inhabitabilis
403 2577 408 2657 Ι
427 2594 505 2659 prae
527 2575 695 2638 nimietate
718 2575 861 2639 foetoris.
883 2579 887 2655 Ι
1315 2607 1340 2647 2⁵

251 2661 433 2725 Possumus.
484 2659 638 2724 Formida
666 2662 809 2746 perpetis
838 2662 1061 2726 crudelitatem
1088 2662 1267 2747 gehennae,
1294 2663 1298 2746 Ι

163 2753 199 2811 et
221 2746 334 2811 desine
357 2746 540 2810 transitoria
561 2747 799 2832 pertimescere.
821 2747 825 2821 Ι

109 2857 145 2906 tr.
251 2832 359 2897 Tuus.
405 2832 578 2916 Fragilites
600 2834 665 2897 mei
684 2840 689 2914 Ι
709 2835 797 2918 cogit
817 2854 870 2897 me
893 2833 1015 2896 terreri.
1037 2833 1041 2916 Ι

250 2917 434 2985 Paruurrus.
478 2917 651 2999 Convenit,
681 2925 717 2983 ut
743 2921 828 2983 mele
855 2918 1049 2983 blandientis
1069 2923 1074 3000 Ι
1095 2918 1298 2984 dulcedinem

161 3004 391 3070 delectationis
410 3007 414 3088 Ι
433 3005 504 3068 luas
526 3006 676 3069 molestia
697 3006 787 3069 nimii
810 3006 953 3070 foetoris.
973 3008 978 3083 Ι
1316 3034 1341 3074 ro

109 3088 136 3151 13
250 3089 358 3155 Turis.
403 3090 477 3155 Non
492 3112 616 3173 recuso,
631 3091 635 3176 Ι
648 3112 713 3154 non
727 3112 823 3177 nego,
839 3092 842 3174 Ι
855 3113 908 3155 me
924 3090 1086 3155 sordidam
1105 3112 1170 3155 nou
1184 3092 1299 3155 iniuria

159 3177 260 3242 foedo
292 3176 486 3261 sordidoque
515 3178 660 3241 habitum
692 3178 739 3241 ire
770 3180 803 3242 in
835 3178 975 3262 tugurio,
999 3186 1004 3250 Ι
1031 3177 1090 3242 sed
1119 3177 1181 3242 hoc
1210 3177 1299 3242 dolet

162 3264 402 3343 vehementius,
421 3268 426 3343 Ι
446 3262 533 3348 quod
559 3264 665 3327 nullus
694 3271 745 3329 est
773 3266 902 3328 relictus
932 3265 1030 3340 locus,
1051 3265 1055 3348 Ι
1074 3265 1107 3328 in
1136 3284 1199 3349 quo
1222 3271 1298 3349 apte

163 3357 199 3415 et
223 3355 313 3414 caste
336 3350 456 3435 possim
479 3348 667 3414 tremendae
689 3371 807 3415 nomen
831 3351 1008 3415 maiestatis
1030 3351 1190 3415 invocare.
1210 3349 1216 3434 Ι

250 3435 434 3502 Pssuurrus.
478 3435 521 3499 Et
543 3436 628 3500 unde
644 3437 703 3501 tibi
728 3443 818 3501 tanta
833 3437 959 3517 fiducia,
981 3444 1018 3501 ut
1038 3438 1169 3522 pollutis
1184 3436 1296 3523 labiis!
1317 3467 1342 3507 ss

162 3542 356 3609 praesumas
377 3522 521 3607 prolerre
544 3543 662 3586 nomen
684 3524 861 3608 inpollutae
884 3523 1078 3587 divinitatis?
1099 3530 1103 3599 Ι

115 3618 136 3677 4
250 3608 360 3674 unns.
404 3607 447 3672 Et
469 3629 489 3672 a
512 3629 575 3693 quo
597 3609 725 3672 reniam
748 3630 879 3695 sperare
899 3614 904 3688 Ι
925 3611 1054 3674 cuiusve
1081 3610 1200 3674 salvari
1216 3630 1296 3758 pos-

163 3716 236 3760 aum
250 3695 470 3776 miseratione,
489 3696 495 3776 Ι
515 3696 542 3759 si
555 3696 661 3780 ipsum
675 3696 850 3780 prohibeor
868 3697 1028 3772 invocare,
1050 3699 1054 3778 Ι
1075 3698 1126 3760 cui
1141 3696 1201 3760 soli
1239 3696 1297 3760 eli-

165 3784 222 3868 qui
241 3783 247 3866 Ι
267 3787 301 3846 et
325 3781 375 3845 cui
397 3783 453 3845 nni
474 3781 605 3846 devotio
629 3783 809 3847 orationum
833 3782 933 3847 debet
956 3783 1085 3846 offerri?
1106 3791 1110 3858 Ι

117 1804 132 1863 1

249 4005 267 4059 2
284 4008 348 4058 uisi-
366 4007 395 4056 ia
412 4023 467 4059 ror.
485 4005 518 4057 M
602 4007 618 4057 5
636 4009 665 4058 P.
682 4005 711 4070 (i.
724 4025 744 4058 e.
764 4008 917 4064 Psrnurrusl
937 4026 970 4059 ee.
988 4009 1022 4059 M
1111 4007 1144 4060 12
1161 4016 1253 4062 ssueta
1270 4009 1301 4060 M

164 4075 368 4129 lanceatione
386 4074 430 4125 M:
448 4093 516 4128 corr.
535 4075 641 4127 Barock
718 4076 753 4129 25
770 4079 797 4128 in
815 4079 969 4129 habitaculis
986 4078 1017 4128 M
1093 4076 1127 4129 29
1144 4079 1211 4130 male
1229 4078 1300 4130 blan·

161 4147 252 4199 umus
270 4145 315 4197 M:
333 4145 437 4196 meai
522 4143 557 4196 30
575 4145 723 4197 delectionis
742 4145 785 4195 Μ1
871 4145 1068 4199 enuntiatum
1086 4148 1122 4198 ire
1142 4143 1223 4200 Getta

246 4319 260 4372 1
280 4319 319 4386 es.
340 4317 412 4368 aaa.
426 4316 468 4366 ιι
485 4316 532 4378 rr.
619 4315 654 4368 25
671 4318 705 4383 ss.
723 4317 805 4383 rafn.
815 4321 846 4367 12
862 4318 912 4379 §a
