2910 5024
510 335 580 391 115.
599 334 758 402 Parnasius.
1146 338 1195 392 17⁷

15 509 46 599 3]
149 501 333 573 Persuasus.
385 506 429 570 Et
455 506 663 572 benedictum
689 508 695 591 Ι
720 526 840 572 nomen
868 509 937 573 eius
963 491 1166 576 tremendum
1189 511 1193 596 Ι

59 616 145 660 nuno
169 600 204 659 et
224 613 285 680 per
307 595 458 672 aevum!

148 699 305 745 nrecrruu.
349 679 466 744 Amen.

12 938 35 1004 Κ
144 935 328 1003 Pretorius.
383 935 484 1017 ane,
504 939 509 1016 Ι
529 943 596 1001 tres
623 940 786 1003 mensurni
819 942 1038 1026 poenitentiae
1066 943 1199 1008 Thaidis

61 1023 232 1103 transiere,
252 1023 258 1104 Ι
278 1029 312 1087 et
334 1042 396 1107 ego
417 1023 543 1107 ignoro,
563 1024 568 1103 Ι
588 1029 736 1089 utrumne
760 1025 822 1090 deo
838 1029 1047 1113 aoeeptabilis
1069 1030 1110 1094 sit
1130 1032 1200 1095 eius
1228 1053 1240 1093 s

59 1110 264 1196 oonpunetio.
279 1107 283 1193 Ι
297 1109 435 1193 Surgam
450 1108 454 1192 Ι
468 1114 502 1173 et
516 1108 633 1174 vadam
647 1110 651 1196 Ι
665 1111 708 1175 ad
722 1112 856 1177 fratrem
870 1133 978 1178 meum
994 1116 1180 1201 Antonium,
1193 1117 1198 1203 Ι

58 1216 124 1283 qno
147 1195 228 1261 mihi
249 1195 475 1260 manifestetur
498 1215 558 1281 per
580 1197 649 1261 eius
671 1198 898 1263 interventum.
918 1201 924 1282 Ι
1269 1216 1272 1222 “

24 1543 35 1600 t
151 1539 318 1604 Arrenius.
371 1537 457 1612 Quid
484 1538 534 1602 ins
558 1546 668 1603 eratae
697 1540 903 1604 iocunditatis
931 1541 1069 1608 aedidit?
1094 1549 1099 1628 Ι
1124 1542 1202 1629 quid

63 1626 139 1690 nori
155 1624 267 1709 gaudii
281 1624 360 1688 mibi
376 1559 648 1710 eontigittiNum
663 1627 715 1691 bio
736 1631 787 1690 est
801 1627 902 1692 frater
917 1634 950 1692 et
966 1629 1202 1695 eoberemieola

63 1732 158 1777 meus
180 1710 372 1775 Painutiust
416 1711 492 1797 Ipse
517 1717 575 1775 est.
1220 1739 1245 1779 ro

151 1797 352 1863 Psrsurruss
380 1796 458 1861 Sum
483 1798 613 1865 etenim.

63 1970 97 2034 1⁸
119 1883 319 2034 tlfiArsroruos.
364 1882 471 1962 Bene,
503 1883 617 1964 irater,
644 1884 771 1965 venisti,
790 1885 796 1966 Ι
815 1884 900 1949 bene
923 1905 976 1950 me
998 1883 1201 1951 adveniendo

98 1969 142 2035 e'
168 1970 285 2052 castil
1238 1993 1241 2008 ·

63 2140 107 2207 ad
152 2055 337 2121 Paruurrus.
379 2053 471 2118 Haut
491 2055 596 2119 minus
610 2055 749 2140 tripudio
772 2057 818 2120 tui
832 2057 913 2138 risu,
933 2060 938 2139 Ι
959 2077 1055 2142 quam
1076 2063 1112 2121 tu
1136 2057 1202 2122 mei

106 2143 245 2219 ventu!
1220 2166 1245 2207 rs

22 2225 42 2286 2
150 2227 322 2292 duronius.
367 2225 460 2300 Quae
474 2225 557 2290 haee
572 2246 669 2291 eausa
689 2234 755 2291 tam
773 2228 992 2313 acceptabilis,
1007 2228 1011 2314 Ι
1026 2234 1093 2293 tam
1108 2235 1202 2314 grata

63 2313 168 2393 nobis,
189 2313 195 2396 Ι
214 2334 298 2399 quae
321 2318 355 2378 te
377 2313 440 2377 huo
463 2312 555 2376 duxit
578 2311 619 2377 de
642 2315 705 2378 tuis
726 2314 889 2379 latibulis?
908 2316 914 2397 Ι

10 2413 48 2463 ts.
154 2399 336 2465 Parrurrus.
380 2398 560 2476 Enuoleol

152 2485 323 2551 Aurasius.
369 2485 442 2550 Hoc
465 2483 651 2564 desidero}

154 2572 339 2639 Paruurrns.
394 2572 480 2635 Ante
510 2571 572 2636 boa
605 2570 777 2635 triennium
808 2571 996 2636 morabatur
1022 2592 1114 2637 seous
1143 2592 1202 2636 nos
1219 2597 1246 2637 ao

64 2657 230 2744 quaedam
258 2658 423 2739 meretrix,
447 2659 452 2739 Ι
477 2657 606 2720 nomine
635 2656 743 2735 Thais,
768 2659 773 2738 Ι
797 2679 881 2743 quae
908 2679 972 2722 non
1000 2660 1103 2723 solnm
1130 2679 1202 2724 sese

62 2744 242 2831 perditioni
272 2742 373 2817 dedit,
393 2747 399 2824 Ι
419 2742 477 2808 sed
507 2744 605 2807 etiam
635 2744 805 2829 perplures
831 2764 940 2808 seeum
969 2744 1012 2808 ad
1039 2745 1202 2809 interitum

63 2831 198 2896 trahere
221 2831 395 2894 eonsuevit.
416 2831 421 2910 Ι

155 2918 326 2981 Aurosrue.
370 2915 456 2997 Heu,
479 2913 641 3000 gemenda
664 2915 877 2980 consuetudo!
1219 2931 1268 2997 sol.
1278 2938 1337 2984 117¹

18 2999 37 3062 3
152 3001 336 3067 Paruurrus.
380 3000 475 3066 Hane
499 3002 557 3066 sub
580 3002 689 3086 speeie
712 3004 865 3066 amatoris
888 2999 963 3082 adii,
986 3006 1020 3065 et
1033 3001 1202 3066 lascivien·
1222 3028 1247 3069 ss

63 3097 135 3154 tem
167 3089 309 3152 animum
336 3109 419 3153 nune
449 3086 600 3152 suavibus
627 3087 838 3152 hortamentis
864 3087 1060 3153 blandiendo
1083 3089 1205 3154 mulae·

63 3176 156 3256 bam,
176 3179 181 3254 Ι
200 3195 285 3239 nuno
307 3174 483 3239 acrioribus
505 3174 633 3237 monitis
655 3174 832 3239 minitando
856 3173 1054 3258 terrebam!

153 3260 324 3362 duronius.
368 3259 442 3325 Hoo
464 3266 755 3346 temperamentum
775 3262 780 3343 Ι
801 3262 869 3325 eius
892 3261 1043 3325 laseiviae
1065 3260 1126 3324 fuit
1147 3281 1206 3326 ne·

63 3367 253 3413 sessanum.

154 3346 337 3499 Parasitus.
393 3430 539 3496 Tandem
567 3432 677 3512 cessit,
706 3434 711 3514 Ι
741 3439 790 3511 et,
824 3438 935 3517 spreta
960 3433 1205 3518 reprehensibili
1223 3461 1249 3502 ao

65 3518 319 3600 consuetudine,
358 3520 540 3583 castitatem
576 3519 676 3603 elegit
707 3519 712 3604 Ι
743 3538 881 3603 seseque
915 3520 947 3582 in
980 3521 1208 3606 angustissima

66 3607 190 3671 sellula
213 3604 359 3670 concludi
383 3605 553 3668 consensit.
575 3604 579 3687 Ι

20 3701 41 3760 t
154 3694 325 3757 Arrenius.
380 3690 536 3755 Delector
565 3689 741 3768 audiendo,
769 3689 774 3762 Ι
802 3690 834 3753 in
863 3696 1003 3766 tantum,
1031 3698 1067 3755 ut
1095 3712 1206 3757 omnes

65 3777 335 3865 praecordiorum
357 3798 461 3842 venae
483 3777 673 3841 intrinsecus
698 3776 833 3840 exiliant
854 3777 1038 3862 gaudendo.
1059 3781 1064 3859 Ι

156 4000 191 4054 18
209 4002 326 4053 unueleo
343 4002 379 4052 rie
396 4000 430 4051 M
513 3997 546 4051 31
566 4017 627 4068 aug.
646 3999 689 4050 Μι
793 3998 827 4052 34
845 4002 1037 4069 praeordiarum
1055 4001 1088 4052 dl

155 4172 188 4226 rs
207 4175 242 4240 es.
264 4173 334 4224 aasz.
349 4172 411 4223 112
428 4173 476 4234 §a
536 4136 587 4223 'ae
605 4172 640 4237 es.
655 4172 735 4235 pem.
748 4175 810 4232 4215
827 4181 937 4224 osorum
954 4173 991 4223 se
1008 4173 1100 4224 oseas
1117 4173 1204 4225 aaa.

61 4243 183 4377 banygp
200 4242 295 4294 Maria
317 4259 394 4308 quam
412 4240 554 4308 Passeratius
575 4241 607 4293 de
631 4240 731 4293 Thaida
756 4241 826 4306 loqui
837 4250 943 4308 poterat
959 4241 1005 4308 (cs.
1024 4240 1160 4295 Bsndirea
1171 4244 1207 4294 Il

55 4333 88 4382 1²·
102 4321 313 4452 ‘Hae-remissa
329 4410 421 4449 orent.
1018 4393 1052 4448 12
