2910 5024
481 362 509 416 II
521 362 669 432 praefatio.
688 394 723 404 -
741 362 861 432 epistola.
1191 367 1241 420 107

55 539 73 601 8
97 536 247 601 datorem
277 542 484 621 retorqueam
510 536 683 621 ingenium.
783 535 930 621 Ideoque
961 557 1024 600 non
1055 559 1126 602 sum
1156 539 1240 603 adeo

97 625 239 687 amatrix
261 624 338 704 mei,
361 630 398 686 ut
418 643 479 709 pro
503 622 635 687 vitanda
657 622 912 707 reprehensione
979 622 1108 706 christi,
1133 626 1241 711 quiin

98 711 219 775 sanctis
243 715 407 796 operatur,
430 710 595 790 virtutem,
620 730 823 795 quecumque
846 711 917 795 ipse
942 708 1032 775 dabit
1054 732 1161 798 posse,

55 798 225 862 teesaem
242 794 442 882 praedicare.
534 794 569 860 Si
585 797 672 861 enim
688 796 785 860 alicui
799 796 909 882 placet
923 816 999 861 mea
1014 796 1155 880 devotio,
1380 806 1393 847 ι

96 882 268 968 gaudeb03
341 884 367 946 si
383 890 493 946 autem
509 883 562 946 vel
578 903 637 968 pro
653 883 719 947 mei
735 883 918 948 abiectione
990 884 1043 947 vel
1057 905 1116 969 pro
1133 885 1241 950 vitiosi
1271 905 1282 943 ι

96 970 257 1035 sermonis
278 970 456 1034 nusticitate
543 969 652 1054 placet
673 970 762 1050 nulli,
851 976 973 1033 memet
1000 971 1104 1054 ipsam
1128 978 1240 1037 tamen

95 1058 198 1138 iurat,
222 1056 310 1140 quod
325 1056 398 1137 ieci,
478 1055 563 1141 quia,
584 1053 661 1119 dum
676 1057 797 1142 proprii
813 1057 971 1121 vilitatem
986 1056 1118 1140 laboris,
1205 1059 1239 1123 in

95 1143 170 1207 aliis
183 1163 280 1207 meae
296 1143 484 1207 inscientiae
501 1143 663 1229 opusculis
729 1142 861 1208 heroico
878 1143 1011 1228 ligatam
1027 1145 1182 1230 strophio,

95 1231 129 1293 in
144 1229 210 1294 hoc
226 1227 438 1293 drammatica
452 1229 593 1292 vinctam
611 1229 695 1293 serie
712 1230 795 1312 colo,
876 1231 1073 1316 perniciosas
1159 1251 1239 1316 gen-

96 1316 204 1380 tilium
228 1315 360 1380 delicias
448 1315 639 1380 abstinendo
663 1315 772 1381 divite.
1260 1336 1285 1376 ro

18 1680 80 1730 uo.
449 1657 673 1723 EPISTOLA
694 1657 898 1727 EIUSDEM

96 1745 164 1810 Al)
180 1743 398 1820 QUOSDAM
417 1743 666 1810 SAPOENTES
687 1744 831 1810 HUIUS
847 1743 973 1809 LIBRI
991 1742 1240 1809 FAUTORES.

58 1882 72 1940 ι
187 1866 290 1930 Plene
313 1867 387 1931 sciis
476 1871 510 1929 et
532 1865 616 1930 bene
639 1867 772 1930 moratis
861 1886 922 1930 nec
951 1866 1057 1930 aliene
1081 1864 1243 1950 profectui

98 1951 329 2033 invidentibus,
407 1951 476 2032 sed,
499 1957 535 2016 ut
558 1952 654 2017 decet
676 1973 753 2017 vere
778 1954 958 2038 sapientes,
989 1952 1241 2036 congratulanti·

97 2041 171 2122 bus,
259 2038 425 2104 Haorsvrr
446 2040 591 2103 nesciola
677 2041 831 2125 nullaque
855 2040 1018 2125 probitate
1044 2038 1164 2102 idonea
1259 2059 1283 2098 n

53 2136 258 2196 lraeseue
285 2126 395 2190 valere
505 2133 539 2190 et
569 2145 688 2212 perpes
718 2126 873 2211 gaudere.
974 2125 1114 2190 Vestrae
1144 2125 1242 2210 igitur

132 2211 285 2277 udandae
314 2212 503 2276 humilitatis
534 2212 792 2298 magnitudinem
888 2213 966 2277 satis
996 2211 1149 2276 admirari
1180 2232 1239 2276 ne·
1259 2219 1306 2285 sol.
1322 2223 1370 2271 79¹

121 2319 197 2379 neo,
285 2298 541 2384 magnificaeque
559 2301 643 2363 cirea
662 2300 728 2363 mei
743 2300 901 2364 vilitatem
916 2299 1125 2386 benignitatis
1142 2303 1240 2384 atque

99 2321 284 2451 dilectionis
305 2385 540 2471 plenitudinem
625 2384 856 2472 condignarum
936 2386 1240 2472 recompensatione

56 2478 77 2541 3
99 2472 279 2558 gratiarum
365 2473 508 2536 remetiri
529 2492 596 2536 non
618 2473 752 2553 sufficio,
841 2473 926 2558 quia,
951 2494 1023 2538 cnm
1038 2472 1239 2559 philosophi·
1258 2498 1283 2538 eo

99 2560 149 2624 eis
171 2558 317 2645 adprime
340 2557 453 2623 studiis
476 2559 606 2623 enutriti
695 2567 728 2624 et
751 2560 885 2625 scientia
906 2560 1005 2646 longe
1028 2560 1242 2624 excellentius

100 2646 173 2711 sitis
199 2645 352 2730 perlecti,
439 2646 506 2710 mei
529 2645 718 2730 opusculum
741 2646 813 2709 vilis
836 2647 1045 2711 mulierculae
1134 2652 1243 2710 vestra

100 2731 317 2797 admiratione
334 2730 467 2816 dignum
484 2731 620 2796 duxistis
708 2738 742 2797 et
756 2734 944 2817 largitorem
960 2734 993 2797 in
1007 2752 1061 2798 me
1078 2733 1242 2817 operantis

101 2819 230 2905 gratiae
300 2818 443 2883 fraterno
460 2817 580 2883 affeetu
595 2820 795 2903 gratulantes
810 2819 975 2903 laudastis,
1047 2819 1240 2883 arbitrantes

100 2904 184 2970 milri
205 2905 312 2969 inesse
335 2905 567 2990 aliquantulam
590 2906 757 2970 scientiam
781 2907 914 2986 artium,
1003 2926 1138 2990 quarum
1161 2905 1237 2969 sub·
1256 2929 1281 2970 ιι

56 2996 76 3056 4
98 2992 202 3057 tilitas
230 2992 327 3076 longe
354 2993 512 3077 praeterit
540 2993 606 3056 mei
633 2993 792 3056 muliebre
819 2991 994 3078 ingenium.
1088 2991 1241 3077 Denique

99 3078 315 3144 rusticitatem
330 3098 424 3142 meae
441 3077 690 3144 dictatiunculae
739 3079 895 3144 haetenus
911 3080 966 3142 vix
982 3077 1143 3142 audebam
1159 3098 1241 3162 peu-

10 3178 79 3226 .ur.
99 3167 146 3231 cis
162 3185 202 3230 ac
217 3164 419 3229 solummodo
436 3165 648 3231 familiaribus
664 3167 745 3230 meis
763 3165 953 3238 ostendere;
1025 3163 1111 3228 uude
1134 3183 1241 3250 paene

101 3271 205 3354 opere
228 3252 366 3315 cessarit
388 3250 533 3315 dictandi
619 3253 704 3316 ultra
728 3251 849 3337 aliquid
872 3251 1066 3333 huiusmodi,
1156 3251 1240 3336 quia,

97 3343 184 3403 ment
204 3338 300 3424 pauci
322 3336 428 3418 fuere,
453 3339 507 3423 qui
528 3358 583 3403 me
604 3338 763 3424 prodente
786 3340 1019 3424 perspicerent,
1107 3337 1153 3401 ita
1175 3358 1241 3401 non
1259 3362 1286 3403 ιο

97 3425 205 3506 multi,
230 3424 294 3509 qui,
317 3425 370 3488 vel
387 3424 463 3510 quid
480 3425 708 3510 corrigendum
724 3427 856 3506 inesset,
881 3426 1101 3505 enuclearent,
1189 3424 1242 3488 vel

55 3523 74 3583 5
98 3510 144 3576 ed
173 3509 360 3575 audendum
386 3510 509 3596 aliquid
537 3511 611 3577 huie
640 3513 743 3577 simile
767 3518 991 3597 provocarent.
1080 3513 1126 3575 At
1146 3532 1241 3591 nunc,

186 3701 205 3754 6
221 3703 288 3755 nulli
306 3703 392 3770 placet
404 3702 447 3753 M:
467 3705 615 3770 transposui
627 3703 817 3755 bcasoeoteleuti
827 3703 917 3769 pretio
987 3701 1003 3755 9
1021 3703 1137 3754 uinctam
1149 3703 1184 3752 ric
1197 3701 1230 3751 Μ
1233 3718 1242 3761 ,·

94 3789 269 3843 synam
285 3773 393 3840 ligatam

186 3861 324 3912 Ermeu.
344 3857 377 3910 18
388 3861 528 3912 utilitatem
539 3859 585 3910 M:
597 3860 713 3920 συνετὴ·
725 3860 760 3925 cf.
769 3877 798 3926 p.
807 3862 866 3925 106,
875 3861 917 3911 25.
930 3861 1023 3922 roma
1035 3867 1058 3909 et
1070 3857 1151 3923 Pasa.
1165 3861 1180 3907 7
1190 3856 1242 3919 §11

93 3928 130 3983 Y!
149 3929 328 3983 dictetuncule
346 3928 380 3979 Μ

186 4067 202 4120 1
229 4069 266 4134 cs.
290 4066 373 4119 Prud.
395 4067 475 4134 steph.
487 4071 527 4130 10,
539 4071 588 4120 790
613 4069 680 4119 bene
705 4069 732 4118 in
754 4067 884 4130 datorem,
911 4064 980 4134 quod
999 4063 1081 4127 dedit,
1108 4064 1241 4116 refuderis.

91 4139 109 4193 4
138 4141 175 4206 cs.
191 4137 275 4205 prim
288 4140 343 4189 143.
448 4135 466 4188 8
488 4138 523 4203 es.
545 4136 630 4188 Prot.
655 4137 722 4189 eetb.
735 4137 759 4200 3,
768 4139 804 4188 28
832 4144 953 4203 remque
979 4134 1088 4200 mystica
1113 4134 1242 4201 dactylico

90 4219 184 4264 texere
203 4208 281 4259 coca
298 4206 353 4274 liga
370 4206 493 4273 strophio.

181 4298 325 4350 marom.
360 4291 396 4346 32
413 4296 448 4361 cs.
467 4295 564 4346 deum.
578 4297 658 4358 19,16
675 4295 703 4344 in
722 4310 764 4346 ore
777 4294 888 4345 duorum
900 4302 947 4347 aut
958 4294 1036 4348 trium
1048 4291 1152 4344 testium
1165 4290 1243 4341 stabit

87 4384 169 4422 omne
187 4365 311 4417 verbnm.
