2910 5024
632 349 661 404 11
678 351 703 407 a.
721 350 882 420 Parmam.
1276 359 1327 413 169

139 495 168 621 ἓ·
276 519 460 622 Platonos,
505 520 714 594 Quorundam
737 526 842 590 relatu
858 527 1010 612 comperi,
1032 528 1200 593 mulierem
1215 528 1219 614 Ι
1232 551 1325 596 secus

186 627 246 671 vos
270 627 463 673 commorari
485 610 633 675 omuibus
655 613 840 696 amabilem,
860 621 865 692 Ι
886 613 1033 678 omnibus
1056 616 1229 680 affabilem.
1249 621 1255 700 Ι

275 714 411 758 rosanus.
456 693 552 759 Nosti
575 697 644 761 eius
667 706 807 764 nomen?

275 778 458 845 Pssuumus.
502 780 598 847 Novi.

274 885 410 931 rutnans.
455 865 540 940 Quid
562 876 716 934 vocatur?
1354 893 1366 930 ⁵

273 950 457 1018 Pmuurms.
501 951 636 1033 Thais!

273 1057 408 1103 murs.
452 1039 530 1124 Ipsa
552 1042 741 1106 nostratium
764 1049 813 1107 est
836 1043 954 1128 ignis!

275 1123 455 1189 Possumus.
500 1125 634 1210 Ferunt,
656 1129 745 1192 illam
767 1129 936 1195 mulierem
959 1131 1218 1216 pulcherrimam,
1235 1132 1239 1218 Ι
1255 1155 1325 1199 om·

184 1210 277 1273 nium
300 1230 373 1274 esse
395 1210 662 1280 delicatissimam.
683 1214 689 1297 Ι

280 1316 415 1361 mvnuas.
460 1296 522 1372 Qui
544 1301 695 1382 retulere,
716 1301 720 1380 Ι
739 1300 818 1364 nihil
840 1301 1022 1383 fefellero!
1343 1320 1369 1360 ¹⁰

150 1383 172 1444 6
283 1383 466 1450 Parnnrms.
510 1385 527 1449 1
550 1387 615 1450 sius
631 1407 727 1451 cansa
750 1385 886 1452 difficilis
900 1389 1119 1474 prolixitatem
1141 1391 1214 1455 viae
1230 1393 1327 1457 surri-

189 1471 258 1555 pui,
279 1471 284 1552 Ι
304 1471 408 1556 ipsam
430 1477 466 1535 ut
488 1407 643 1552 viderem,
666 1472 792 1537 adveni.
814 1474 819 1556 Ι

280 1577 414 1622 invasus.
449 1556 581 1622 Nullum
595 1559 655 1622 tibi
678 1558 785 1623 obstat
799 1559 1055 1646 inpedimentum
1078 1581 1151 1626 cam
1165 1562 1306 1629 videndi.
1321 1565 1325 1649 Ι

276 1641 457 1708 Possumus.
505 1644 570 1709 Ubi
592 1646 756 1710 moratur?

277 1748 412 1793 mvnere.
457 1729 553 1807 Ecce,
576 1731 699 1795 mansio
722 1733 755 1795 in
777 1732 935 1815 proximo.
1344 1757 1368 1797 ss

276 1814 459 1880 Pannonius.
504 1816 607 1899 Haec,
632 1838 729 1902 quam
751 1816 856 1882 indice
879 1816 1038 1902 proditis?

277 1922 412 1966 rutnans.
457 1903 543 1989 Ipsa.

276 1988 458 2056 Pusurms.
503 1990 563 2054 Illo
586 2009 730 2075 pergam.

275 2093 410 2140 invasus.
457 2075 491 2140 Si
512 2077 630 2161 placet,
654 2082 761 2140 tecum
784 2095 968 2160 pergemus.
989 2074 993 2159 Ι

275 2160 457 2226 Petronius.
502 2161 590 2226 Malo
613 2162 659 2226 ire
683 2160 805 2246 solus}

139 2261 167 2306 ιι.
278 2266 411 2312 ravanus.
456 2248 501 2312 Ut
521 2249 611 2313 libet.

151 2511 163 2569 1
280 2503 461 2569 Parnassos.
506 2503 556 2568 Tu
577 2505 679 2569 istaec
700 2505 795 2586 intro,
814 2506 820 2587 Ι
840 2504 950 2586 Thais,
974 2525 1070 2591 quam
1093 2512 1233 2593 quaero?
1253 2511 1258 2592 Ι

279 2589 387 2654 Tune.
433 2589 513 2663 Quis
535 2591 596 2671 hic,
622 2592 675 2676 qui
697 2592 846 2677 loquitur,
869 2593 1019 2677 ignotus?
1040 2599 1045 2671 Ι

278 2676 459 2741 Panaenus.
503 2676 641 2741 Amator
662 2679 771 2762 tunel

278 2762 386 2826 Tarus.
443 2762 643 2849 Quicumque
675 2784 727 2828 ms
762 2784 871 2828 amore
903 2765 993 2847 colit,
1021 2764 1026 2847 Ι
1052 2785 1191 2851 aequam
1222 2767 1327 2831 vicem
1345 2789 1369 2830 ns

188 2849 311 2914 amoris
333 2869 353 2912 a
375 2868 427 2912 me
450 2851 516 2914 reci
540 2851 600 2929 itt

144 2937 164 2998 2
277 2934 457 3000 Panaenus.
503 2871 668 3017 (innuis,
697 2934 811 3015 Thais,
840 2943 959 3021 quante
978 2937 983 3017 Ι
1003 2936 1181 3022 gravissimi
1203 2937 1327 3002 itineris

187 3021 361 3087 currebam
384 3022 498 3107 spatia,
546 3042 608 3107 quo
631 3021 710 3086 mihi
733 3020 864 3086 daretur
887 3024 979 3109 copia
1000 3030 1107 3088 tecum
1130 3022 1220 3087 fandi
1239 3025 1244 3109 Ι
1264 3025 1326 3089 tui-

186 3129 252 3195 que
276 3108 395 3172 facicm
418 3107 694 3193 contemplandi!
1345 3121 1371 3162 ²⁹

278 3193 386 3258 Taele.
419 3194 489 3258 Neo
504 3200 671 3281 aspectum
686 3193 851 3274 subtraho,
864 3193 868 3278 Ι
882 3215 942 3258 nec
958 3195 1152 3280 colloquium
1169 3194 1307 3280 denogo.
1322 3194 1327 3281 Ι
1348 3198 1397 3264 fot.
1410 3204 1424 3250 1
1448 3207 1455 3229 '⁴

146 3279 165 3340 3
279 3279 461 3345 Persuasus.
506 3281 674 3346 decretum
697 3286 828 3344 nostrae
851 3281 1119 3345 contabulationis
1139 3284 1144 3364 Ι
1164 3280 1328 3347 desiderat

188 3365 398 3432 solitudinem
421 3368 482 3432 loci
505 3368 696 3432 secretioris.
717 3364 722 3449 Ι

278 3452 386 3517 Turre.
435 3452 536 3534 Ecce,
564 3453 670 3518 cubile
697 3453 783 3517 bene
810 3459 945 3517 stratum
970 3453 975 3536 Ι
1002 3458 1036 3517 et
1063 3453 1256 3518 delectabile
1286 3452 1328 3517 ad

183 3537 467 3624 inhabitandum!

276 3625 459 3691 Possumus.
503 3624 605 3689 Estne
634 3625 686 3690 hic
712 3625 800 3689 aliud
821 3627 971 3711 penitius,
992 3633 996 3702 Ι
1016 3627 1049 3690 in
1078 3647 1140 3711 quo
1167 3625 1327 3711 possimus
1345 3642 1370 3681 ³³

185 3712 332 3797 colloqui
355 3712 531 3776 secretius?
552 3715 556 3792 Ι

278 3953 312 4006 10
328 3955 412 4006 retule
430 3954 472 4005 Μ’
555 3951 588 4005 27
607 3930 712 4006 ithusris
730 3954 761 4003 M
778 3955 891 4017 (ueneris
904 3952 966 4018 p¹),·
982 3955 1045 4021 fort.
1063 3954 1134 4005 iteris
1214 3950 1249 4004 30
1266 3954 1327 4006 sub·

184 4026 264 4076 traho
282 4024 312 4086 (a
330 4041 362 4075 et
379 4024 407 4089 ο)
424 4024 459 4074 Μ

278 4197 291 4248 1
312 4197 348 4263 cf.
360 4212 391 4261 p.
403 4200 459 4258 154,
471 4198 510 4245 21.
591 4191 624 4244 10
641 4195 837 4261 cfip.154,26.
920 4192 953 4244 12
971 4196 1170 4261 cs.p.164,32.
1242 4194 1276 4248 14
1293 4198 1328 4262 cs.

180 4284 212 4332 p.
227 4269 334 4330 16223.
437 4263 472 4316 23
494 4265 530 4331 cf.
548 4268 688 4329 p.164,10
712 4271 780 4327 (cam
797 4264 913 4329 appan),
937 4263 1059 4330 Pomm
1081 4265 1098 4328 §
1106 4272 1130 4317 1.
1233 4262 1268 4318 25
1293 4266 1327 4332 cs.

181 4354 211 4403 p.
224 4338 327 4399 166,ss
415 4330 451 4385 30
467 4334 662 4400 cf.p.156,16.
749 4331 783 4385 ³3
800 4334 995 4400 cfip.166,16.
