2910 5024
596 324 769 382 Ptooemium.
1200 335 1249 386 VII

142 501 164 566 ¹)
185 499 345 564 Gerberqam
362 506 421 563 past
442 515 467 548 a.
480 502 532 550 954
554 499 710 549 consecrarit
738 498 850 550 Otrainas
872 500 1060 565 episeopusi
1021 500 1248 568 Hildeshemensis‚

184 585 238 619 non
255 569 406 633 resroponte
420 566 552 618 thhelmo
570 568 761 632 archiepiscopo
778 568 930 634 Moquntina
944 568 1060 636 (Koephe
1070 570 1106 620 II
1115 587 1145 636 Ρ.
1159 575 1249 637 3bsq.‚·

190 636 321 699 Weilond,
343 636 490 702 Zeitschrist
508 637 553 687 eles
570 637 745 688 Horzvereins
760 637 836 689 VIII
845 655 875 720 p:
886 641 944 689 484.
980 638 1103 691 Nondum
1120 641 1249 692 abbatissa

184 673 364 757 Hrotsrithom
382 706 481 768 docuit,
505 723 612 772 quoep.
629 709 693 768 2,31
709 708 809 757 scribit:
832 708 907 758 ouius
924 725 1007 760 nunc
1025 710 1121 761 subdor
1137 710 1249 762 dominio

184 776 329 827 abbatissas
347 773 393 837 (cs.
347 744 516 839 (Koephe
528 774 565 825 II
572 792 603 839 p.
612 777 665 836 38)

127 847 152 878 ¹⁰
184 843 227 912 Os.
242 860 270 908 p.
283 847 358 907 222.

125 916 148 946 ¹¹
182 913 300 964 Primum
311 914 358 964 hoc
376 929 429 964 esse
441 913 592 977 opiuculum
604 921 714 978 apparet
725 914 802 963 etiam
819 930 850 964 ea
866 931 889 965 a.
901 917 933 964 31
941 930 993 979 sqq.
1012 915 1072 966 olim
1084 914 1128 965 sed
1139 915 1249 966 stultum

184 983 234 1034 stri
250 983 295 1049 qui
313 983 389 1033 iussit
400 983 508 1034 asellum
526 984 553 1032 in
570 983 671 1033 laudem
690 983 773 1034 sanati
791 983 900 1033 nominis
917 983 961 1033 ille
979 984 1020 1033 sui
1039 1021 1102 1046 ...‚
1120 984 1143 1033 si
1156 984 1248 1050 placet,

184 1054 240 1119 ipse
260 1067 344 1103 meam
368 1053 434 1117 potis
457 1060 496 1103 est
513 1051 653 1103 dissolvere
670 1052 795 1118 linguam.
837 1051 882 1103 Sic
898 1069 952 1102 non
969 1052 1082 1117 loquitur
1098 1053 1150 1104 nisi
1166 1053 1189 1103 is
1206 1053 1250 1117 qui

179 1122 297 1206 primum
314 1121 424 1171 scribere
442 1129 553 1185 temptat.
596 1121 631 1171 Et
654 1120 757 1171 decebat
777 1122 899 1186 oirpinem
921 1122 1058 1172 monialem
1076 1138 1094 1170 a
1111 1122 1250 1172 laudonda

193 1191 331 1241 inventrice
351 1187 513 1256 oirpinitotis’
537 1188 740 1254 (Theoph999)
764 1190 805 1240 vel
824 1187 946 1241 ‘auctrice
968 1187 1130 1256 oirpinitatis’
1146 1189 1249 1254 (Abra

182 1261 236 1321 §1‚·
257 1260 395 1311 auctricem
418 1260 465 1310 ie.
489 1261 631 1324 auctorem)
653 1259 773 1323 incipere.
808 1259 938 1310 Monioler
960 1276 981 1309 s.
1005 1259 1110 1311 Mariae
1130 1260 1249 1311 Gandes·

183 1328 309 1379 hemensis
325 1329 410 1394 primo
428 1337 659 1379 commemorantur
678 1345 703 1378 a.
716 1331 763 1379 973
780 1327 865 1394 (Dipl.
875 1328 913 1378 II
921 1345 951 1392 p.
963 1334 997 1379 44
1014 1331 1105 1394 n.3b),·
1127 1329 1172 1380 secl
1188 1329 1250 1396 fieri

181 1406 273 1462 potest,
291 1397 403 1448 utillud
420 1398 566 1448 coenobium
583 1399 636 1447 iam
654 1397 787 1462 aliquanto
803 1399 878 1463 prius
909 1397 1036 1448 undatum
1054 1399 1094 1448 sit.

128 1467 162 1530 ¹)
180 1466 257 1518 Recte
275 1467 307 1517 de
319 1483 417 1516 summa
435 1484 473 1517 rei
468 1466 606 1517 iudicavit
617 1466 723 1531 Koephe
735 1466 772 1516 II
782 1485 810 1532 Ρ
822 1472 857 1517 44
876 1469 890 1529 (
901 1467 942 1518 die
954 1467 1043 1517 beiden
1057 1475 1250 1518 neutestament

186 1535 269 1586 lichen
285 1535 439 1602 Erzbhlunq
440 1554 472 1586 en
488 1535 581 1585 Maria
602 1535 657 1586 und
679 1537 792 1587 oscetnio
815 1536 913 1587 donnini
930 1536 1016 1587 bilden
1030 1538 1251 1602 yeuissermassen

185 1606 229 1656 ein
246 1601 368 1670 Ganacs’)
384 1613 409 1655 et
425 1604 463 1654 II
471 1623 501 1670 Ρ
514 1607 595 1669 38sq.

127 1672 162 1738 ¹⁸)
184 1673 225 1793 (Ii
247 1674 349 1794 1120117
349 1690 429 1809 pagg}
452 1676 488 1726 sis
509 1682 577 1725 certa
598 1675 670 1725 vario
692 1674 790 1727 lassata
812 1674 1012 1739 laborantem
1035 1674 1120 1724 locum
1140 1675 1250 1741 nepleait

213 1760 259 1808 oep
349 1761 377 1809 p.
422 1781 427 1793 .

129 1812 164 1875 ¹⁴)
184 1811 225 1863 De
241 1821 338 1863 namra
360 1830 382 1863 r.
395 1815 561 1874 448-455,
585 1828 648 1876 quos
665 1811 697 1862 ab
715 1810 825 1861 historia
848 1809 984 1876 Theophili
1005 1812 1176 1876 seyrepandos
1197 1829 1250 1863 esse

185 1882 299 1948 coenavit
315 1881 408 1946 Haupt
426 1879 472 1947 (cs.
490 1881 598 1945 Dasent,
622 1880 780 1944 Theophilus
793 1881 821 1930 in
833 1880 975 1944 Icelandio,
994 1881 1041 1930 low
1063 1881 1177 1931 German
1195 1882 1250 1932 ancl

185 1950 256 2003 other
276 1960 415 2017 tonquesp
417 1952 585 2015 .94)quiqus
603 1950 631 2000 in
647 1950 733 2000 codice
744 1950 846 1999 duabus
858 1949 1022 1999 hneohsao
1032 1954 1084 2000 447
1092 1958 1250 2016 separantur

184 2019 230 2087 (cs.
248 2036 342 2085 appar.
361 2020 438 2085 crit.,)
459 2029 525 2070 recte
548 2019 671 2070 iudicauit
687 2018 792 2084 Koephe
804 2018 842 2068 II
859 2036 888 2083 Ρ.
901 2021 941 2069 39.
982 2017 1098 2069 Ceterum
1122 2020 1198 2070 etiam
1221 2020 1250 2071 in

184 2088 245 2154 ipsis
270 2090 427 2139 carminibus
451 2105 552 2139 sorores
580 2088 617 2139 bis
640 2088 794 2152 alloquitur:
823 2087 893 2136 Mar.
914 2092 964 2139 641
990 2103 1132 2140 sermonem
1156 2089 1249 2141 vobis

184 2166 283 2209 tentum
295 2160 420 2209 suciamus
436 2158 542 2223 abillis,
561 2158 642 2223 Gorty.
653 2162 699 2208 141
717 2157 840 2208 credite
857 2155 1032 2220 (siceorreai:
1050 2157 1251 2224 creditocodea)

185 2245 237 2278 non
248 2227 355 2278 lamisso
368 2229 456 2278 dolum
468 2197 569 2294 pietshis
581 2227 738 2283 homullum·
755 2242 835 2291 neque
852 2242 911 2277 uero
930 2226 976 2277 hos
994 2227 1062 2277 locos
1074 2228 1251 2279 retractationi

186 2297 272 2347 deberi
284 2298 445 2377 putaverim:
462 2297 534 2347 euius
552 2295 628 2346 nullo
645 2296 701 2345 alia
719 2294 946 2359 deprehauluntur
963 2296 1076 2380 oestiqia

129 2359 165 2427 ¹⁸)
183 2365 266 2416 Edisti
284 2367 328 2427 ita,
345 2375 373 2417 ut
391 2366 485 2416 coelicis
502 2382 630 2416 servorem
648 2365 798 2431 inopinam,
815 2380 895 2428 neque
911 2381 972 2415 vero
989 2362 1072 2429 ‘prius
1090 2362 1250 2429 opusculum'

184 2436 302 2485 car-rnna
321 2404 385 2485 libri
397 2435 492 2499 primi,
512 2435 642 2500 posterius
664 2434 695 2484 de
718 2450 767 2498 quo
791 2434 903 2498 loquitur
921 2433 1045 2483 &ramata
1067 2435 1127 2485 libri
1143 2436 1249 2486 semmai

184 2520 237 2556 esse
250 2513 360 2570 possunt
376 2502 423 2565 (sic
441 2503 545 2569 Koepke
557 2503 594 2552 II
602 2521 632 2568 Ρ.
642 2504 697 2583 40),
716 2520 773 2552 cum
790 2520 821 2554 ea
838 2520 890 2553 non
903 2504 1055 2567 expresserit
1071 2504 1108 2554 od
1119 2513 1179 2554 octo
1194 2502 1250 2554 ‘sub

184 2573 259 2624 certis
282 2582 415 2624 auctorum
431 2570 583 2623 nominibns’
605 2572 715 2637 scripta:
739 2587 848 2636 quorum
866 2572 897 2622 de
914 2572 1028 2637 sontibus
1046 2574 1081 2638 cs.
1100 2572 1204 2638 Koephe
1216 2574 1254 2623 II

179 2659 210 2708 Ρ.
224 2646 318 2708 stqq.
355 2641 408 2693 Sed
425 2643 540 2708 epilopus
557 2650 594 2693 est
610 2637 809 2692 carminumlb
826 2639 959 2705 (Bas..7)
974 2640 1250 2708 (Dion)8(149n.).·

185 2729 251 2777 quos
275 2712 312 2762 od
328 2713 454 2776 opuscula
470 2709 525 2762 ‘rub
549 2711 623 2762 certis
641 2719 776 2760 auctorum
792 2707 946 2760 nominibue'
962 2711 1059 2775 scripto
1081 2722 1249 2777 eaprnserat,

186 2780 361 2846 Amphilochii
377 2783 417 2832 rel
440 2780 500 2830 Ursi
518 2778 564 2846 (cs.
581 2780 617 2831 W.
630 2780 720 2847 Meyer
732 2796 762 2844 p.
774 2779 873 2844 bosqq)
890 2779 1026 2839 ffltdaini,
1045 2780 1088 2831 Ps.
1096 2779 1249 2841 -Ambrosii

183 2851 247 2900 sicut
270 2850 369 2915 prioris
399 2850 516 2915 opusculi
542 2851 661 2899 carmina
696 2858 855 2914 expresserat
891 2848 929 2898 ad
964 2849 1043 2899 libros
1073 2850 1105 2900 de
1133 2850 1250 2916 infamia

183 2919 288 2970 Mariae
306 2927 329 2970 et
343 2917 437 2969 Christi
455 2920 600 2982 salvatoris,
618 2935 691 2983 quem
707 2915 840 2982 ‘seriptum
856 2917 970 2983 repperit
987 2919 1032 2968 sub
1049 2919 1151 2969 nomine
1169 2935 1190 2970 s.
1204 2918 1249 2968 Ia-

184 2989 238 3039 eobi
256 2988 352 3055 fratris
373 2985 480 3039 ‹iomini'
490 2987 596 3052 (Mon),
616 2987 744 3038 Iohannis
765 2985 899 3036 cuiusdam
910 2985 1116 3052 episcopi(osc.)‚
1129 2986 1250 3054 Eutychii

183 3059 319 3139 interprete
331 3057 417 3108 Paulo
435 3058 545 3108 diacono
556 3056 729 3122 Neapolitano
743 3055 862 3121 (Theoph
865 3056 891 3119 ..)
929 3055 1063 3121 Pelopium
1079 3057 1138 3120 ipsa
1149 3056 1248 3121 accipit,

182 3128 254 3177 atius
271 3128 420 3192 passionem
436 3128 460 3179 ei
475 3124 590 3207 ‘peilam
608 3125 733 3187 simoen,
754 3125 782 3175 in
800 3142 852 3206 qnia
864 3140 961 3189 passm
978 3133 1026 3188 est,
1051 3125 1215 3191 ineliqeno'
1191 3126 1249 3177 cwi-

184 3196 244 3246 totis
264 3206 424 3260 exposuerat,
441 3196 485 3261 qui
505 3196 589 3260 ipsum
605 3195 810 3259 pulcherrimum
827 3195 942 3244 virorum
962 3163 1096 3246 sevidisse
1115 3202 1140 3246 et
1155 3196 1249 3246 ceum

182 3266 221 3316 rei
237 3273 368 3316 attestatus
386 3274 422 3316 est
438 3267 562 3317 veraciter
580 3260 720 3329 opnorisse'
736 3264 782 3330 (cf.
800 3263 905 3328 Koeplce
918 3262 954 3312 II
964 3279 994 3327 p.
1008 3260 1056 3327 76).
1085 3262 1250 3331 &Gonqolfi

182 3335 304 3385 historiae
322 3351 396 3399 quem
409 3335 479 3385 dicat
490 3336 639 3399 scriptorem
650 3334 753 3399 ιῬτιονο.
771 3350 829 3383 eom
841 3332 1012 3382 recensionem
1024 3348 1103 3397 quom
1113 3334 1250 3384 ediderttnt

181 3403 356 3454 Bollondioni
377 3420 440 3454 num
464 3404 581 3454 Hrotscit
604 3403 762 3465 adhibuerit,
791 3401 890 3453 dubita
911 3400 1016 3464 Koephe
1033 3401 1071 3451 II
1085 3419 1115 3467 Ρ.
1129 3407 1174 3462 47;
1203 3403 1249 3454 sed

183 3473 275 3533 altero,
293 3489 370 3538 queam
388 3472 574 3524 Bollanilianis
591 3472 746 3538 incopnitam
764 3468 809 3590 (ἑ
829 3471 887 3521 bibl.
906 3470 1020 3535 hoqiopr.
1040 3472 1085 3522 lat.
1098 3489 1128 3537 Ρ.
1142 3472 1249 3537 49qu.)

183 3542 279 3594 ahibet
291 3542 370 3592 colea
381 3543 443 3593 olim
457 3541 692 3594 onetanhanenm
703 3557 772 3590 nunc
810 3539 960 3591 erolinensis
972 3539 1046 3590 theol.
1062 3540 1106 3591 lat.
1122 3540 1182 3592 On.
1195 3547 1247 3606 156,

183 3611 260 3661 cham
278 3611 378 3677 lonpira
397 3611 515 3670 duosam
531 3628 578 3662 nec
595 3612 622 3661 in
640 3609 820 3674 discrepantia
832 3609 992 3659 haerermum
1008 3617 1051 3671 est,
1070 3609 1116 3660 sed
1129 3611 1249 3675 poetriae
1331 3659 1333 3663 ,

183 3681 312 3746 inqens'un
324 3680 518 3745 commonitum,
537 3697 603 3745 quae
620 3680 747 3745 eqreyiam
759 3678 856 3744 famuli
871 3677 1008 3743 inopinem
1014 3694 1101 3741 poene
1117 3678 1150 3730 de
1166 3679 1249 3730 nihilo

182 3750 251 3815 tecit,
270 3750 314 3814 qui
320 3758 458 3815 postquam
471 3750 672 3815 omniafrustra
684 3747 820 3812 temptavit,
836 3747 952 3812 denique,
962 3755 990 3797 ut
1001 3747 1092 3797 herum
1103 3747 1250 3799 stoliditatis

185 3827 270 3869 tomen
288 3819 432 3882 oonrmeot,
449 3820 490 3870 uel
506 3820 601 3869 siccam
619 3835 728 3869 arenam
746 3818 858 3868 lambere
875 3817 971 3880 incipit.
1007 3816 1048 3866 De
1065 3816 1249 3868 Ps.-Motthoei

182 3889 327 3939 recensione
339 3888 455 3939 adhibito
472 3888 594 3939 eliserunt
606 3887 710 3940 Schode
727 3896 750 3937 et
767 3885 878 3936 Rcinsch
896 3885 949 3950 (die
967 3883 1182 3952 Pa-Eranqelien
1199 3903 1249 3938 oon

182 3956 243 4008 Iesu
259 3957 316 4007 und
324 3956 437 4008 IIaria’s
450 3956 582 4021 Kindheit,
600 3957 682 4008 Halle
694 3956 768 4021 1879)
782 3973 810 4020 Ρ.
824 3960 886 4007 106:
903 3969 1062 4034 quamquam
1079 3956 1141 4005 satis
1158 3955 1248 4020 miror,

181 4042 229 4075 eur
250 4026 491 4079 bethsimon
514 4027 609 4077 librum
631 4043 683 4077 non
701 4026 947 4087 commemoraverit,
971 4022 1013 4073 cui
1029 4033 1053 4075 ct
1074 4024 1249 4077 Hrodsoithoe

181 4096 293 4146 nominis
309 4096 425 4162 sormam
443 4105 467 4147 st
482 4097 650 4162 praeclaram
666 4113 688 4146 u.
703 4098 736 4146 81
753 4062 954 4145 emundationem
971 4092 1050 4143 debet.

127 4163 161 4232 ¹⁸)
181 4165 268 4215 Etiam
280 4174 434 4231 oryumenta
445 4165 566 4247 Pasnutii
582 4174 606 4216 et
616 4162 765 4296 Sopiegitige
776 4161 1079 4283 ΡΡὲιῗίΡΡιὲἒὸζΡΙιζί
1090 4161 1250 4293 ‘hm'

180 4236 716 4368 ffiblpbdihnielbbibcribihilibimrpprii
705 4301 827 4352 Adriano
831 4251 937 4367 ,uqui
927 4319 955 4352 m
971 4247 1094 4352 (iiramote
1106 4316 1249 4365 personam
