2910 5024
517 328 779 385 HROTSVITHAE
799 328 930 385 OPERA.

264 503 368 575 Quam
393 501 609 565 dominatricis
631 502 726 565 iussis
748 501 969 586 confringeret
990 503 1080 570 artis

265 590 325 655 Oui
347 590 425 654 licet
447 608 467 651 a
489 586 617 652 Christo
639 588 786 671 requiem
808 589 878 652 sine
900 589 965 654 line
987 609 1168 675 perennem

265 676 400 740 Necnon
424 675 582 739 laetitiam
606 675 697 738 iustis
719 681 807 739 retro
829 684 1017 761 reparatam

264 762 430 826 Praestari
451 762 544 825 citius
566 762 631 824 iam
654 781 718 824 nou
741 760 938 826 dubitaverit
958 762 1055 844 ullus,
1236 788 1317 831 nnn

265 848 328 923 Qui
349 849 500 912 meritum
523 849 608 911 vitae
632 848 725 911 scivit
747 847 910 913 laudabile
932 856 1046 913 outae

263 935 369 1020 Ipsius
392 955 431 999 ac
453 935 575 1014 mitem,
599 935 701 1018 gessit
723 955 820 1020 quarn
843 933 997 1020 denique,
1020 942 1180 1001 mentem:

264 1021 420 1085 Attamen
442 1021 603 1084 humanae
626 1041 685 1106 pro
709 1019 942 1085 consuetudine
965 1040 1086 1086 causae

264 1108 339 1172 Non
360 1108 486 1188 mirum,
510 1108 649 1192 populus
671 1107 836 1192 planctum
859 1107 887 1171 si
909 1109 1047 1194 sumpsit
1070 1128 1220 1189 amarum,

266 1193 352 1257 Dum
375 1194 437 1257 sibi
459 1200 526 1257 tam
549 1193 655 1258 subito
678 1193 785 1258 fuerat
807 1214 883 1279 spes
904 1200 997 1259 tanta
1016 1200 1161 1261 retracta
1231 1216 1314 1259 :sn-

266 1278 310 1343 Et
332 1280 432 1344 iacies
455 1279 593 1343 domnae
615 1280 748 1343 nimium
770 1280 891 1364 regalis
913 1278 1076 1346 amandae

265 1365 401 1430 Necnon
423 1366 560 1430 subiecti
582 1366 791 1453 praefulgens
813 1366 918 1451 gloria
939 1367 1034 1452 regni

265 1451 440 1516 Mandatur
461 1459 579 1532 terrae,
603 1454 727 1537 gremio
750 1451 911 1517 servanda
931 1452 993 1518 sub
1015 1453 1138 1539 amplo,

266 1538 381 1602 Donec
403 1546 561 1622 assurgat,
584 1559 649 1602 nou
671 1544 923 1625 corruptumque
944 1547 1101 1620 resumat,

269 1622 365 1698 Quod
387 1645 471 1689 nunc
493 1625 628 1689 includit
649 1627 802 1706 tumulus,
824 1624 1017 1710 praenobile
1033 1644 1161 1711 corpus.
1245 1644 1289 1689 sar

310 1711 404 1775 Haec
425 1712 524 1795 igitur
545 1732 682 1797 puerum
705 1732 803 1798 supra
824 1712 937 1813 paucis
958 1718 1176 1777 memoratum

268 1797 397 1862 Acriter
419 1796 567 1861 orbatum
591 1797 776 1862 dimittebat
796 1796 996 1880 Lsudulium,

271 1883 420 1948 Feminei
443 1883 570 1947 dulcem
593 1904 691 1948 sexus
712 1904 811 1947 unam
833 1903 963 1970 quoque
985 1884 1125 1973 prolem,

270 1969 410 2034 Nomine
432 1968 665 2054 Liudgardam‚
687 1989 814 2035 summa
835 1970 982 2036 bonitate
1005 1988 1181 2048 comacem,

270 2056 415 2122 Moribus
438 2062 472 2119 et
494 2057 577 2120 facie
600 2057 737 2121 similem
761 2057 856 2121 matri
876 2056 1097 2123 venerandae.
1231 2068 1278 2119 tes)

271 2145 311 2208 Iu
334 2163 413 2228 quas
435 2149 584 2228 percerte
608 2143 739 2207 soboles
761 2163 841 2207 mox
862 2144 972 2229 stirpis
993 2141 1155 2208 amendes

270 2230 401 2294 Affectu
424 2228 529 2293 cordis
552 2230 691 2314 populus
714 2227 885 2294 deducitur
905 2230 1009 2295 omnis

273 2316 405 2400 Magno,
429 2336 487 2400 pro
510 2316 633 2379 meritis
656 2316 789 2380 summis
810 2316 978 2402 utriusque
999 2314 1155 2401 perantia

274 2401 340 2466 Sed
363 2403 477 2486 magis,
501 2421 539 2465 ac
561 2402 656 2481 iuste,
681 2400 765 2467 dulci
788 2401 938 2467 fervebat
960 2422 1072 2467 amore

272 2488 360 2573 Erga
382 2488 526 2571 regalem
551 2508 686 2572 puerum
710 2487 874 2553 dominnm
898 2487 1099 2569 lindulfum,
1232 2500 1291 2549 us·

271 2575 289 2639 Ι
313 2595 383 2638 sum
407 2594 464 2659 spe
487 2575 605 2638 mentis
628 2581 697 2638 tota
720 2575 910 2660 complexus
932 2576 1082 2642 amantis.

274 2598 413 2746 dicque,
436 2660 497 2724 sibi
520 2662 686 2725 naturales
707 2661 839 2725 imitans
860 2661 946 2727 bene
968 2681 1091 2743 mores,

273 2747 437 2812 Extiterat
459 2748 581 2811 cunctis
603 2746 741 2811 blandus
764 2746 935 2813 dulcedine
957 2749 1088 2827 mentia,

184 2861 185 2865 ¹
271 2834 469 2914 Mansuetus,
494 2834 647 2914 clemens,
670 2833 800 2898 humilis
822 2835 1023 2920 nimiumque
1044 2832 1167 2909 fidelis:

272 2920 358 2984 Hinc
370 2939 498 3004 quoque
511 2920 693 3004 gratiolam,
706 2919 833 2985 Christo
841 2926 1033 3022 praestante
1043 2920 1195 3008 benigno,
1234 2932 1317 2983 (⁵¹⁸¹

274 3006 413 3070 Tantam
435 3007 622 3091 promeruit,
646 3007 795 3071 meritam
818 3006 984 3093 digneque
1006 3010 1142 3096 recepit,

274 3093 433 3157 Gentibus
456 3093 488 3155 in
511 3094 635 3156 cunctis
657 3093 758 3179 patris
779 3093 917 3179 imperio
940 3094 1097 3180 religatis,

273 3179 328 3260 Ut,
352 3180 545 3264 quicumque
568 3199 646 3243 suae
669 3180 775 3244 saltim
797 3180 1018 3266 praepaucula
1038 3180 1150 3247 ismae

274 3265 419 3329 Verbula
441 3266 627 3350 conciperet
649 3266 783 3331 latebris
805 3266 997 3353 propensius
1019 3267 1117 3350 auris,

272 3351 378 3436 Ipsius
399 3353 432 3415 in
455 3351 582 3415 dulcem
606 3359 692 3417 totus
714 3359 885 3438 raperetur
906 3372 1064 3435 amorem,
1248 3362 1317 3405 Μ*

273 3438 454 3502 Absentem
478 3458 637 3502 venerans
660 3440 774 3504 animis
797 3439 962 3504 domiuum
983 3438 1149 3505 studiosis.

275 3524 381 3596 Quom
403 3532 497 3609 pater
520 3526 681 3609 egregius,
704 3546 765 3590 rex
788 3532 821 3590 et
843 3526 952 3590 senior
974 3525 1188 3607 venerandus,

166 3635 205 3675 uc
275 3610 424 3674 Dilectae
447 3613 559 3674 matris
581 3619 719 3676 mortem
741 3612 885 3698 graviter
906 3613 1098 3699 patientem,

252 3799 304 3853 soc
330 3802 503 3867 cunengem
524 3802 560 3851 210
583 3801 615 3851 n
716 3799 769 3854 na
786 3818 838 3869 qq.
864 3802 973 3853 asa-es
1074 3800 1131 3855 sss
1154 3796 1233 3869 „a
1279 3780 1316 3837 1

164 3869 216 3923 427
234 3874 297 3936 sort.
315 3872 437 3922 domnum
456 3870 525 3931 (item
543 3886 566 3920 a.
578 3872 642 3935 438)

250 4044 302 4097 408
328 4047 362 4111 cf.
379 4047 510 4111 gerneti.
597 4042 650 4096 409
676 4046 710 4110 cf.
729 4044 854 4095 addersda
871 4044 908 4095 aa
926 4043 1083 4111 (donem.
1167 4038 1213 4096 tlt
1229 4036 1303 4103 'f'

167 4116 257 4195 regino
268 4115 383 4225 'subiecti
401 4116 566 4181 praefulgens
585 4115 666 4182 glorie
684 4115 758 4214 regni
776 4114 884 4173 dicitur-5
900 4114 937 4179 ss.
951 4120 1015 4233 qa.
1029 4114 1089 4247 d?
1098 4104 1299 4247 filix}

166 4183 263 4317 Ξὲἳζὲ.
279 4183 318 4303 er·
334 4190 450 4338 dmpiidp
468 4182 686 4316 'oldsslz'pqqpp
693 4201 756 4303 add
763 4187 807 4303 ¹221?
816 4198 933 4319 dddpfistg
950 4251 987 4303 ἡ
1002 4251 1076 4304 ns'eM
1092 4250 1173 4315 bloet,
1186 4244 1291 4301 Μ

166 4321 294 4372 verdiente
312 4321 347 4372 ris
366 4322 431 4373 aucis
447 4341 456 4381 ‚·
473 4324 508 4388 cs.
523 4332 585 4387 pest.
601 4326 660 4373 542.
