2910 5024
516 351 778 408 fluonsvluflna
796 352 926 408 OPERA.

263 526 326 601 Qui
350 524 523 612 quondam,
547 526 651 611 quinis
675 526 707 589 in
729 525 907 611 porticibus
929 525 1114 593 Salomonis

304 613 381 677 Fusi
404 613 547 698 piscinae
571 611 664 676 obice
688 610 897 693 Bethsaidae,

263 699 451 780 Certabant,
474 698 601 762 medico
624 698 779 784 limpham
802 699 952 765 turbante
975 722 1128 787 superno.

306 786 448 851 Primulo
472 786 542 870 quis
564 785 695 849 morbos
718 785 867 851 ablueret
890 787 997 851 varios

262 872 368 958 (Lege
392 871 523 958 quidem
547 872 603 935 tali
626 872 707 935 miro
730 873 790 937 sub
813 879 901 937 sorte
947 875 1028 955 otili,

307 960 352 1024 Ut
374 981 450 1023 mox
472 959 605 1043 illapsus
629 965 766 1023 exueret
789 894 957 1044 dedecusi,

262 1046 412 1110 Pluribus
434 1047 466 1109 in
491 1045 595 1110 lucem
618 1046 782 1130 suspensis
804 1066 903 1131 aegre
926 1053 1130 1133 sequentem,

305 1131 368 1206 Qui
391 1152 531 1217 prospe
555 1133 641 1196 vitae
665 1131 845 1216 efflagitant
867 1130 975 1215 aride,

265 1219 311 1284 Ut
332 1240 369 1283 ra
393 1220 450 1283 tim
474 1217 618 1282 medicus
641 1238 759 1303 supero
784 1217 825 1282 de
849 1217 979 1285 cardine
1002 1220 1113 1305 lapsus

308 1239 469 1369 liulraret
491 1303 651 1369 medicem
674 1305 727 1370 vel
774 1304 835 1369 ede
858 1306 1066 1392 piscinulam:

265 1391 357 1457 Haut
379 1392 459 1456 alias
480 1393 533 1456 isti
556 1391 686 1477 cupiere
709 1327 821 1455 salirtis
843 1393 934 1456 avari

307 1478 456 1562 Tangere
479 1478 532 1542 rel
555 1484 679 1563 guttam
703 1477 849 1543 fonticuli
870 1479 1049 1560 minimam,

263 1564 315 1635 nt.
339 1571 434 1649 gustu
456 1566 561 1649 primo
584 1566 688 1629 veteri
710 1565 848 1629 sanitate
871 1572 1016 1652 recepta,

308 1651 487 1716 Pulsabant
510 1650 580 1715 odis
603 1650 710 1716 sidera
734 1650 916 1732 dulcisonis,

263 1737 381 1803 Grates
402 1758 461 1824 pro
485 1744 574 1802 tanto
597 1736 773 1802 reddentes
795 1758 929 1803 munere
952 1736 1092 1821 Christo,

309 1823 371 1898 Qui
394 1825 496 1888 sancti
518 1826 642 1889 meritis
664 1831 758 1910 grata
781 1823 872 1889 dedit
894 1825 1037 1902 miserim

262 1910 429 1975 Laudibus
452 1919 550 1997 atque
574 1912 675 1976 virum
699 1912 816 1976 tollunt
838 1931 935 1998 super
957 1911 1095 1976 aethera
1117 1909 1288 1996 dignun

306 1996 411 2061 Tanta
433 1999 482 2062 sui
505 2019 602 2062 causa
625 1998 712 2082 quod
734 2004 868 2063 tenuere
891 1999 988 2064 bona.

263 2134 297 2199 Si
321 2142 415 2200 vacet
437 2136 592 2220 aequales
615 2136 736 2200 meritis
759 2134 956 2222 protendere
979 2135 1095 2202 laudes

308 2221 350 2285 Et
373 2242 480 2287 mores
503 2224 583 2286 tanti
607 2223 758 2307 egregios
781 2221 898 2300 duculi,

263 2308 351 2373 Ante
375 2309 444 2374 dies
466 2309 569 2373 noctis
591 2310 690 2394 peplo
713 2308 839 2373 velatur
862 2308 1012 2396 Olympo,

307 2394 412 2468 Quam
435 2401 556 2459 metam
579 2402 690 2459 nostra
712 2397 858 2480 optineat
879 2396 972 2460 ratio.

263 2481 357 2547 Haec
379 2480 439 2547 sed
461 2481 645 2567 linquentes
668 2480 771 2547 doctis
793 2480 961 2546 tractando
986 2480 1104 2567 poetis,

306 2568 483 2654 Pingamus
505 2575 622 2655 coepta
644 2589 702 2632 nos
723 2567 831 2719 ἰταὲὓὶ
856 2569 991 2633 calamo.

265 2655 363 2721 Certe
385 2654 584 2720 Francorum
606 2655 744 2741 populus
789 2676 844 2720 um
866 2655 936 2719 risit
958 2674 1038 2719 eous

305 2741 443 2806 Illustris
467 2742 589 2806 meritis
612 2747 646 2806 et
667 2742 813 2807 bonitate
837 2740 936 2822 ducis,

264 2827 433 2893 Blanditur
455 2829 580 2914 magnis
602 2848 774 2914 procerum
795 2828 946 2915 precibus
967 2825 1131 2891 seniorum

306 2915 370 2980 Hie
394 2914 512 2980 Christi
535 2935 637 2996 carus,
660 2916 767 3000 gentis
790 2921 823 2979 et
847 2935 942 2981 omne
965 2912 1076 2993 decus,

263 3002 336 3076 Quo
359 3001 422 3067 sibi
445 2999 639 3088 condignam
662 3001 763 3066 vellet
784 3001 909 3068 sociare
932 3000 1076 3088 puellam

304 3087 454 3154 Foedere
477 3089 576 3174 legali
598 3088 738 3174 coniugii
760 3088 856 3169 soliti,

263 3173 314 3240 Ne
336 3175 433 3239 finem
456 3182 590 3262 caperet
612 3173 770 3240 subducta
793 3174 985 3260 posteritate

306 3260 422 3327 Inclita
443 3262 563 3348 regalis
586 3263 753 3348 prosapies
776 3262 915 3347 generis.

263 3398 324 3463 His
346 3399 478 3464 tandem
501 3401 640 3464 monitus
663 3398 844 3484 Gongolfus
867 3396 934 3462 dux
955 3393 1169 3475 venerandus,

309 3485 368 3550 Sat
390 3492 494 3550 motus
516 3485 642 3551 blandis
666 3492 763 3572 atque
786 3492 915 3571 patrum
937 3484 1079 3563 monitis,

266 3570 340 3658 Igni
362 3573 567 3657 conspicuam
589 3573 719 3659 proprio
742 3572 899 3658 iungebat
921 3571 1070 3651 amioum,

307 3657 468 3744 Regalem
491 3680 612 3745 genere
636 3668 669 3726 et
692 3657 826 3724 nitidam
849 3658 947 3733 laoie;
1272 3678 1288 3747 p

263 3743 359 3810 Hanc
381 3746 472 3809 iussit
495 3745 650 3832 liquidam
672 3766 802 3896 semper
824 3744 987 3809 deducere
1010 3744 1123 3828 vitam,

306 3831 527 3919 compositam
550 3834 647 3898 eutis
669 3852 751 3897 mon
774 3853 812 3896 us
834 3838 869 3896 et
890 3829 1013 3897 studiis.

241 4003 292 4057 399
310 4022 389 4057 mune
407 4004 438 4055 nl
525 4003 575 4057 331
595 4015 674 4070 atque
692 4007 797 4070 scripsi:
815 4022 881 4071 eque
899 4004 933 4055 d!
1021 4004 1074 4058 335
1092 4007 1211 4074 olympbo
1226 4004 1277 4075 ἢ

155 4071 206 4126 333
224 4075 351 4141 liquentes
369 4074 400 4125 M
468 4072 520 4127 339
539 4078 686 4127 franeorum
705 4074 767 4137 (ce
785 4076 813 4125 in
829 4074 897 4138 raa)
915 4073 948 4124 ll
1018 4071 1071 4127 34⁵1
1090 4072 1211 4143 monitus]
1225 4077 1277 4142 Μ

156 4151 240 4195 motus
292 4141 409 4196 neuerad
427 4144 462 4196 d!
543 4143 595 4196 359
613 4155 639 4196 et
656 4144 689 4209 (-t
705 4145 734 4195 in
751 4144 816 4207 roa)
837 4143 869 4194 M

242 4278 293 4333 326
315 4283 350 4348 cs.
372 4280 444 4333 Mor.
460 4285 535 4347 dqu.
622 4277 675 4345 329
697 4282 732 4348 cf.
755 4281 827 4332 Har.
846 4285 906 4333 475.
993 4276 1044 4333 33ἷ
1070 4281 1106 4347 os.
1121 4281 1281 4350 quamq.

154 4345 252 4415 3392q.
271 4352 306 4416 es.
326 4351 408 4418 Gouq.
420 4355 461 4403 60.
549 4346 600 4402 3⁴9
618 4352 652 4416 cs.
672 4349 799 4403 Μαιθῖ.
