2910 5024
537 378 563 432 11
581 382 606 434 ⁴.
624 377 769 432 Abralsam.
1170 384 1221 438 155

12 554 15 618 ζ
42 560 53 617 l
168 572 379 617 arcemanus.
423 550 586 632 Procede,
609 550 769 637 procede,
790 551 904 634 Maria,
924 554 929 636 Ι
949 554 1059 640 tuique
1079 555 1219 641 pulchri-

80 637 229 703 tudinem
251 644 360 702 nostro
383 638 559 723 neophitae
582 644 720 702 ostenta.
741 642 746 720 Ι

170 724 287 790 Manu.
331 722 429 805 Ecce,
452 725 559 788 venio.

171 811 339 876 hamum
385 808 478 883 Quae
509 809 642 891 fiducia,
674 829 756 894 quae
781 812 959 875 constantia
980 812 1098 876 mentis
1117 811 1122 895 Ι
1142 811 1221 877 mihi
1239 826 1287 891 sol.
1304 828 1374 879 ποστ·

82 904 160 984 post
175 898 269 974 haec,
293 917 365 961 cum
379 897 473 973 hanc,
498 918 595 982 quam
612 897 729 960 nutrivi
748 897 781 960 in
795 896 920 961 heremi
934 898 1084 979 latibulis,
1098 898 1101 974 l
1115 918 1221 962 mere·
1253 924 1265 962 s

82 985 176 1048 tricio
196 987 201 1063 Ι
222 985 308 1048 cultu
337 988 484 1048 ornatam
513 983 694 1068 conspicio?
716 986 721 1062 Ι
740 981 807 1046 Sed
838 1004 904 1048 non
933 992 983 1049 est
1010 991 1152 1071 tempus,
1184 991 1221 1048 ut

105 1070 320 1155 raefiguretur
345 1071 378 1134 in
400 1069 494 1150 facie,
515 1070 520 1152 Ι
540 1069 628 1155 quod
649 1075 778 1133 tenetur
800 1071 833 1133 in
856 1069 968 1135 corde:
989 1073 995 1150 Ι
1015 1076 1222 1157 erumpentes

116 1159 234 1222 crimes
248 1156 383 1221 viriliter
404 1156 525 1241 stringo
540 1156 544 1240 Ι
559 1161 593 1219 et
608 1155 759 1219 simulata
773 1157 880 1221 vultus
895 1157 1058 1222 hilaritate
1073 1158 1220 1222 internae

81 1242 331 1308 amaritudinem
353 1241 589 1306 maestitudinis
611 1248 761 1326 contego.
781 1245 785 1323 Ι

36 1326 56 1386 2
168 1350 380 1395 srrnunamus.
424 1328 604 1393 Fortunata
622 1328 735 1410 Maria,
758 1328 895 1403 laetare;
920 1328 1081 1414 quianon
1104 1329 1217 1410 solum,
1241 1353 1265 1392 ro

11 1431 64 1481 ηε.
81 1424 119 1480 nt
147 1421 295 1495 actenus,
327 1416 374 1479 tui
402 1416 529 1495 coaevi,
553 1415 558 1498 Ι
583 1414 641 1478 sed
668 1416 767 1479 etiam
794 1416 884 1479 senio
910 1416 975 1479 iam
1006 1416 1144 1480 confecti
1164 1417 1169 1498 Ι
1189 1421 1222 1479 te

81 1501 215 1576 adeunt,
235 1508 240 1582 Ι
260 1508 293 1566 te
316 1500 358 1564 ad
381 1503 553 1565 amandum
577 1502 749 1566 confluunt.
771 1499 776 1585 Ι

170 1587 286 1653 uren.
332 1586 531 1667 Quicumque
547 1608 600 1651 me
617 1586 763 1672 diligrmt,
779 1588 782 1672 Ι
797 1587 968 1673 aequalem
983 1589 1102 1652 amoris
1117 1588 1221 1652 vicem

82 1695 104 1739 a
126 1695 179 1739 me
203 1675 396 1760 recipiunt!

170 1762 337 1826 Acarnan.
380 1758 523 1839 Accede,
546 1759 660 1839 Maria,
685 1765 718 1824 et
741 1758 783 1822 da
806 1758 884 1822 mihi
907 1761 1061 1824 osculum.
1240 1779 1264 1817 rs

170 1846 287 1912 Manis.
337 1845 412 1909 Non
439 1846 543 1910 solum
574 1845 679 1910 dulcia
709 1845 819 1909 oscula
847 1844 973 1929 libabo,
1000 1849 1006 1929 Ι
1033 1844 1092 1910 sed
1123 1845 1221 1910 etiam

84 1933 207 1999 crebris
229 1933 330 1997 senile
354 1932 472 1997 collum
495 1932 699 2018 amplexibus
721 1932 882 1998 mulcebo.
903 1932 907 2015 Ι

168 2019 335 2084 Maeuia.
380 2017 455 2083 Hoc
476 2018 587 2102 volol

33 2111 53 2173 3
164 2105 282 2170 Manis.
328 2103 414 2178 Quid
430 2105 571 2189 sentio'tl
608 2103 664 2168 uid
685 2103 866 2189 stupendae
887 2104 1038 2169 novitatis
1060 2101 1220 2189 gustando

80 2192 218 2256 haurio?
238 2192 243 2275 Ι
262 2191 359 2274 Ecce,
377 2190 458 2256 odor
472 2192 563 2255 istius
583 2126 774 2276 dagrantiae
795 2190 799 2273 Ι
819 2190 1004 2275 praetendit
1018 2190 1221 2276 flagrantiam
1239 2207 1264 2245 ὀ

80 2278 161 2342 mihi
185 2277 348 2365 quondam
370 2279 509 2342 usitatae
533 2277 759 2342 abstinentiae.
780 2276 785 2359 Ι

168 2365 334 2430 Annam
379 2364 483 2442 Nunc,
506 2384 589 2428 nunc
605 2371 655 2428 est
670 2361 894 2444 simulandum,
909 2362 913 2447 Ι
926 2383 1010 2427 nunc
1025 2362 1221 2428 lascivientis

80 2470 172 2515 more
188 2451 282 2536 pueri
303 2450 382 2515 iocis
396 2450 592 2532 instandum,
613 2453 618 2529 l
636 2471 678 2515 ne
703 2456 737 2514 et
760 2469 821 2533 ego
838 2469 995 2533 agnoscar
1017 2469 1096 2537 prae
1112 2449 1219 2535 gravi-

80 2543 162 2619 tate,
181 2535 187 2621 Ι
208 2544 242 2601 et
263 2536 334 2621 ipsc
358 2556 393 2600 se
414 2535 532 2601 reddet
552 2537 695 2602 latibulis
718 2556 797 2621 prae
819 2535 955 2620 pudore.
976 2540 981 2616 Ι

168 2623 285 2689 Mania.
330 2623 402 2688 Vae
432 2623 512 2687 mihi
541 2624 673 2688 infelici!
700 2620 705 2706 Ι
732 2622 817 2687 unde
847 2621 948 2687 cecidi
974 2623 979 2707 Ι
1007 2628 1040 2687 et
1069 2623 1100 2684 in
1124 2641 1220 2707 quam
1238 2639 1263 2678 ²⁵

78 2708 272 2796 perditionis
294 2709 423 2774 foveam
447 2711 564 2775 corrui!
586 2710 590 2792 Ι

31 2804 53 2863 4
168 2795 334 2861 Asnaum.
380 2795 444 2860 Hic
463 2817 529 2860 non
552 2802 602 2860 est
624 2801 720 2881 aptus
743 2795 895 2881 querelae
918 2795 1017 2876 locus,
1038 2794 1042 2877 Ι
1062 2794 1118 2859 ubi
1141 2814 1218 2858 con-

77 2882 227 2946 vivarum
250 2882 381 2946 confiuit
403 2889 589 2947 conventus.
611 2883 615 2968 Ι

168 2988 378 3034 sussumnrcs.
433 2968 562 3033 Domna
588 2969 708 3048 Maria,
738 2988 793 3031 cur
823 2966 959 3052 suspiria
988 2965 1106 3029 trahis?
1134 2965 1138 3048 Ι
1165 2985 1221 3029 cur

76 3052 195 3118 mades
218 3054 375 3118 lacrimis?
396 3055 401 3136 Ι
420 3053 536 3118 Nonne
559 3075 619 3140 per
639 3055 805 3119 biennium
827 3054 880 3117 hio
902 3052 1160 3132 conversabaris,
1185 3059 1219 3115 et
1236 3070 1262 3109 so

76 3161 257 3290 numdquam
281 3161 324 3205 ex
347 3148 379 3205 te
403 3143 543 3226 gemitus
566 3142 721 3228 prorupit,
742 3144 747 3221 Ι
766 3160 941 3226 numquam
969 3139 1090 3203 tristior
1112 3157 1218 3201 sermo

101 3246 139 3291 ro
165 3227 246 3308 ‘'tll

28 3248 99 3380 5p
165 3312 283 3377 Manu.
329 3310 373 3391 Ο,
402 3313 525 3376 utinam
556 3311 688 3376 fuissem
718 3317 792 3376 ante
823 3311 995 3374 triennium
1024 3315 1128 3374 morte
1159 3309 1216 3374 ab·

77 3406 220 3485 sumpta,
241 3400 245 3482 Ι
265 3419 306 3462 ne
329 3397 372 3462 ad
394 3405 484 3463 tanta
507 3398 693 3463 devenirem
715 3398 853 3482 flagitia!
875 3401 880 3476 Ι

165 3620 183 3674 2
208 3624 329 3691 neophita
355 3623 438 3689 M¹p¹,
463 3625 585 3692 neophito
612 3623 687 3689 ΜΨ
762 3631 863 3676 ostenta
888 3624 991 3689 scripsi:
1018 3625 1123 3675 ostende
1149 3622 1220 3688 M’p,

76 3691 173 3756 ostenti
183 3691 227 3743 11¹
298 3693 510 3746 5latabulisd1¹
581 3690 687 3744 Gnultn
700 3692 744 3743 M:
756 3693 857 3745 correxi
869 3692 927 3743 coll.
935 3709 965 3757 p.
975 3696 1022 3756 2,1
1035 3701 1059 3744 et
1065 3693 1146 3759 prim.
1155 3695 1223 3751 336,-

75 3762 315 3814 mdinonialiam
337 3763 448 3814 snalla·
470 3763 544 3815 onltn
567 3763 710 3814 meretricio
732 3763 819 3813 ornari
842 3762 865 3810 A
902 3760 1015 3827 iaprcm'a
1036 3778 1062 3814 c.
1073 3765 1124 3813 816
1144 3762 1222 3813 comit

76 3830 226 3883 adom
236 3832 298 3897 imp.
311 3830 345 3894 (c.
353 3835 393 3896 Ἢ,
406 3832 496 3883 Monoi
505 3831 552 3882 XI
556 3831 633 3884 Vcol.
643 3829 719 3897 aab)
781 3829 814 3883 10
825 3777 945 3911 Fotidem
955 3830 997 3880 Μι
1062 3829 1095 3882 13
1107 3831 1219 3897 diligunt

74 3949 160 4004 nied!
229 3948 261 4001 17
275 3952 366 4004 seuille
378 3951 421 4001 Μι
490 3949 745 4019 20srsgr.M¹(bisl
804 3946 1219 4015 22Nem÷l131vunonuncp

73 4019 110 4074 33
128 4021 271 4073 wiennium
293 4021 385 4086 scripsi
406 4018 455 4085 (cic
472 4019 663 4087 Pcsn.10§2,
681 4024 712 4071 12
728 4021 781 4083 §1,·
804 4020 938 4071 biennium
958 4039 985 4087 p.
999 4023 1056 4084 147,
1064 4024 1087 4071 ὀ.
1107 4021 1220 4082 155,30;

74 4090 286 4158 quinquennium
308 4088 390 4156 Pasa.
414 4090 519 4152 inser.):
545 4091 596 4140 triu
620 4089 678 4152 M¹;
706 4091 783 4141 trium
807 4106 935 4141 annorum
958 4089 1043 4157 spatia
1061 4088 1112 4154 Μ’,
1140 4089 1219 4140 trium

71 4177 203 4213 annorum
221 4160 376 4227 spaciump
462 4157 496 4211 33
514 4159 623 4225 absnpta
641 4159 684 4210 Μ’

161 4365 195 4418 ra
213 4367 250 4433 es.
269 4364 379 4431 rasae
394 4366 442 4428 rr.
