2910 5024
151 305 212 356 vm
513 301 771 357 HRO'I'SVI'I'HAE
790 302 919 359 OPERA.

221 476 288 542 opit,
313 492 371 526 eum
394 475 492 541 falsum
514 494 606 529 nomen
627 493 659 529 ea
680 476 794 528 Dulcitio
812 479 930 543 poetriae
957 478 1109 528 obversetur.
1154 476 1286 528 Memoria

221 545 326 612 diprmm
344 553 379 595 est
395 546 555 610 peccantium
577 547 764 598 conomionem
786 557 877 612 preater
899 549 931 598 ab
954 546 1106 597 Hrotsaittsa
1129 546 1286 597 celebratam

220 631 280 680 esse,
304 613 441 679 Ttsopttts'
457 618 481 666 et
497 615 564 666 serni
581 616 745 677 acuminibus,
762 616 867 667 Mariae
883 625 907 667 et
930 615 1039 667 Thaidis
1057 616 1193 666 dramatis.

166 682 199 748 ¹⁷)
219 683 381 735 Prooemium
399 684 467 748 qsmd
483 685 582 735 videaur
602 685 669 750 Apn.
688 702 710 736 a.
723 689 814 736 1—24
838 704 892 737 non
909 685 1075 736 Hrotsoittsae
1093 694 1141 744 est,
1165 684 1212 735 sed
1229 685 1286 735 Pa-

220 751 365 814 Ambrosii,
382 754 453 802 euius
471 770 502 804 ea
519 770 659 804 sermonem
678 755 791 806 cornuae
808 756 922 820 sequium
938 753 984 817 (A.
996 754 1023 805 S.
1044 754 1102 803 Ian.
1117 753 1152 803 11
1169 771 1199 819 p.
1214 754 1288 817 351),-

221 838 374 886 quamquam
392 823 468 871 etiam
486 822 549 873 Bas.
566 841 589 872 o.
603 827 685 873 7-16
702 823 724 872 si
741 841 798 874 cum
815 826 944 890 sequentia
962 824 1056 875 codicis
1069 822 1288 888 Cantabripiemsis

221 892 370 953 consueris,
388 892 460 941 cuius
477 891 544 943 idem
561 901 597 942 est
613 893 747 942 exordium
764 892 810 959 (cf.
825 910 856 958 p.
869 893 964 958 XVI),
981 893 1060 959 facile
1078 892 1206 957 suspicari
1223 894 1289 955 licat,

221 960 288 1010 serni
309 976 326 1008 a
343 976 363 1010 s.
375 958 477 1010 Basilio
495 962 609 1012 conversi
625 961 757 1012 historiam
775 980 806 1014 sa·
823 963 997 1028 Amphilochii
1014 962 1053 1012 oei
1076 961 1135 1010 Ursi
1152 978 1229 1025 opere
1246 978 1287 1012 ea·

221 1037 334 1093 emptam
352 1036 376 1079 et
389 1031 521 1093 prooemio
538 1031 689 1080 instructam
710 1032 832 1083 eatitisse:
852 1043 880 1082 ot
895 1033 923 1082 in
942 1032 1005 1083 Bos.
1018 1033 1152 1095 prooemio
1172 1030 1290 1081 Hrotsoit

220 1097 279 1162 ipso
295 1099 336 1147 sui
353 1099 465 1149 meminit
482 1117 504 1150 o,
518 1105 603 1164 1004,
620 1100 688 1164 quod
708 1118 760 1151 non
777 1102 840 1168 [ecit
856 1103 884 1152 in
903 1102 970 1165 Apri.
988 1118 1011 1151 o.
1024 1104 1114 1151 t-tt.

168 1165 201 1231 ¹⁸)
223 1168 403 1297 tgupw:
429 1178 459 1218 ut
485 1169 680 1235 imperialem
702 1170 809 1222 dsosbst
831 1181 946 1252 nsptsrm
972 1173 1006 1237 cs.
1034 1168 1186 1249 Koepkeil
1204 1184 1235 1233 p.
1246 1171 1288 1219 38.

304 1236 374 1301 quod
403 1236 475 1286 Mar.
500 1256 523 1289 o.
542 1242 633 1288 1-12
659 1246 718 1303 post
746 1257 771 1290 a.
791 1243 842 1291 962
866 1249 974 1305 scriptos
999 1256 1052 1290 esse
1077 1246 1189 1302 aspecit,
1219 1237 1289 1302 quod

225 1305 337 1370 Gerierp
368 1306 492 1372 regalis
523 1306 607 1372 proles
638 1308 736 1373 stirpis,
768 1310 887 1373 illustris,
914 1310 1069 1359 dominatrix
1099 1308 1180 1367 alma,
1208 1323 1288 1371 neque

222 1391 281 1425 sero
299 1375 437 1440 imperitiis
459 1383 505 1424 aut
525 1375 657 1426 abbatissa
679 1376 819 1440 diceretur,
839 1379 870 1429 de
894 1379 1023 1428 abbatima
1045 1393 1127 1440 supra
1150 1376 1213 1426 satis
1236 1377 1288 1425 ‹iic-

224 1451 276 1493 tum
298 1451 335 1494 est
352 1443 414 1495 adn.
428 1447 472 1506 13,-
498 1445 638 1510 imperislis
660 1455 744 1496 autem
768 1447 872 1513 proles
892 1449 1005 1513 Gerberp
1027 1464 1058 1496 nc
1079 1454 1167 1510 postea
1187 1445 1289 1511 quidem

224 1513 276 1563 diei
292 1513 392 1576 potuit,
418 1514 490 1563 estius
513 1531 593 1578 neque
606 1522 684 1579 pater
702 1533 781 1581 neque
799 1534 862 1567 ames
879 1517 1046 1580 imperatores
1063 1516 1186 1581 sueram,
1211 1523 1236 1565 et
1260 1513 1289 1563 irs

223 1581 312 1631 eadem
328 1582 491 1646 praefatione
508 1583 650 1647 imperialis
671 1587 753 1650 neptis
775 1583 857 1650 ‘repis
874 1583 983 1636 indoles'
1004 1584 1130 1635 laudamr
1151 1583 1188 1648 (p.
1202 1584 1286 1646 231).

225 1649 267 1700 En
284 1651 385 1716 Pelopii
401 1650 524 1713 historio,
549 1669 626 1717 quom
644 1655 764 1719 martyrii
781 1657 848 1706 testis
866 1657 888 1706 ei
905 1655 1038 1718 narravit,
1064 1654 1096 1704 de
1119 1662 1201 1703 aetate
1223 1652 1290 1702 niitii

224 1719 384 1784 consequitur
401 1718 448 1786 (cf.
467 1719 571 1786 Koepie
584 1721 619 1771 11
631 1738 657 1785 p.
674 1726 721 1786 77).

170 1786 204 1851 ¹⁹)
223 1787 353 1839 Dulcitius
370 1799 435 1840 certe
453 1799 511 1840 ante
530 1789 689 1856 Sapientiam
707 1793 804 1858 scripto
821 1802 869 1857 est,
895 1792 1031 1842 Abraham
1057 1799 1115 1842 ante
1134 1789 1288 1857 Pafnuts'um

224 1858 272 1925 (es.
290 1858 410 1922 adn.16,·
427 1858 532 1925 Koepioe
544 1860 581 1909 ΙΙ
591 1876 620 1924 p.
634 1862 690 1923 40).

172 1923 207 1988 ²⁰)
227 1927 349 1991 Episcopi
369 1927 411 1977 eia
434 1927 555 1990 suerrum:
579 1946 687 1994 priamum
709 1927 742 1978 tie
768 1930 868 1994 affeetu
892 1926 1031 1997 ‘fraterno'
1056 1927 1178 1979 monialis
1206 1926 1289 1977 dicere

225 1997 394 2047 dubitavisset.
426 1998 571 2062 Gerberpae
589 1999 739 2063 mopistrum
756 1999 884 2062 piendam
901 1999 1054 2050 monachum
1072 2016 1092 2048 s.
1106 1996 1291 2046 Emmmammi

226 2064 420 2130 Ratisponensis
437 2067 465 2116 in
482 2064 569 2116 ‘trium
587 2064 695 2117 testium'
712 2065 759 2129 (ef.
773 2083 802 2131 p.
813 2069 902 2132 108,1)
920 2086 1027 2120 numero
1038 2069 1119 2134 fuisse
1131 2065 1289 2116 coniecerim.

173 2129 208 2194 Ἰ)
228 2135 270 2200 Cf.
289 2135 398 2185 circulos
416 2135 475 2185 huie
488 2137 603 2199 primum
622 2137 726 2186 editioni
738 2136 864 2201 adpietos:
882 2154 1038 2203 quamquam
1055 2154 1108 2186 non
1120 2136 1210 2199 ubique
1228 2142 1291 2198 apto

226 2212 262 2254 est
279 2203 329 2253 itta
345 2220 480 2253 semorum
498 2205 633 2255 distinctio.
663 2203 786 2255 Eiusdem
803 2207 910 2271 fabulae
927 2209 999 2258 initio
1013 2207 1166 2271 pleramque
1183 2205 1291 2254 nomino

227 2273 255 2322 in
273 2272 358 2322 codice
369 2274 524 2338 compendiis
535 2275 684 2340 siqnificato
695 2275 750 2335 (C.:
765 2275 960 2335 commenm-
976 2278 1020 2327 G.:
1033 2274 1199 2330 Gallicanae)
1211 2289 1291 2322 manu

227 2342 340 2392 secunda
353 2342 430 2407 piene
451 2345 560 2407 scripta,
583 2345 674 2393 addita
695 2352 757 2394 nota
774 2345 920 2395 dramatico
942 2347 966 2396 d.
985 2344 1012 2408 (i.
1026 2362 1046 2394 e.
1066 2344 1138 2407 dicit)
1161 2351 1207 2392 aut
1224 2358 1289 2409 resp.

227 2411 256 2471 (i.
274 2428 294 2461 e.
320 2412 481 2477 respondeo:
511 2430 577 2477 qnae
608 2415 685 2465 serbo
718 2413 746 2463 in
768 2414 895 2464 dramatis
917 2432 982 2465 sace.
1002 2413 1064 2464 XII
1083 2415 1290 2478 frequentantur.

229 2480 339 2599 gerum!
343 2496 376 2601 p)
386 2485 435 2532 164
457 2499 479 2532 o.
491 2485 524 2532 23
540 2491 565 2532 et
580 2501 604 2532 o.
616 2486 652 2533 32
664 2482 754 2547 prima
775 2500 855 2533 manu
876 2485 961 2535 littera
979 2484 995 2534 d
1013 2483 1147 2547 adscripta
1166 2490 1203 2532 est
1219 2477 1290 2542 (Νι

269 2567 291 2599 es
340 2569 384 2600 ι..

174 2619 207 2682 ²¹)
228 2619 269 2749 p's
282 2566 329 2737 {ud
325 2618 345 2667 I
349 2617 382 2680 V,·
399 2620 521 2669 memoria
542 2619 647 2686 dippum
665 2630 701 2671 est
713 2621 881 2672 Gallicanum
893 2620 1055 2688 potissimum
1067 2621 1222 2683 descriptam
1240 2634 1293 2669 esse

240 2704 274 2738 a.
329 2706 355 2737 n.
367 2691 417 2745 21).

173 2755 208 2819 ¹¹)
228 2689 272 2821 Otii
287 2756 392 2822 Koepie
405 2757 441 2807 11
451 2774 480 2822 p.
494 2761 548 2808 197.

174 2823 209 2888 ¹⁴)
230 2827 412 2890 Inscriptiones
430 2827 522 2888 deesse,
539 2823 714 2890 ‘arpumentis'
731 2828 817 2878 tituim
834 2827 1018 2878 Trittsemianos
1031 2825 1205 2876 commendari
1216 2825 1291 2875 mam

230 2895 334 2959 Koepke
351 2897 472 2961 opinatur
489 2895 526 2960 (p.
540 2900 600 2958 40):
618 2899 750 2948 conversio
762 2898 896 2959 Gallicani,
916 2897 1001 2963 passio
1015 2897 1113 2962 Agspis
1125 2895 1249 2946 Chiouiss
1266 2902 1291 2944 et

229 2966 351 3027 Hirsuta,
370 2967 532 3016 resuscitatio
544 2967 690 3015 Drusianae
702 2976 727 3017 st
738 2967 887 3027 Cslimsehi‚
901 2967 989 3032 lapsus
1000 2973 1026 3014 et
1038 2966 1171 3014 conversio
1184 2965 1291 3023 Marias,

229 3036 363 3086 conversio
380 3036 485 3085 Thaidis
503 3036 654 3095 meretricis,
679 3038 762 3101 prasio
784 3046 933 3087 sanctarum
952 3035 1082 3099 virginum
1100 3034 1171 3084 Fidei
1191 3032 1250 3098 Spei
1267 3040 1293 3083 ot

230 3104 368 3165 Karitstis,·
385 3121 464 3169 neque
482 3105 560 3168 ipitur
577 3105 710 3168 quisquam
724 3115 831 3170 praeter
851 3105 1016 3155 Trittsemium
1033 3119 1078 3153 eos
1096 3105 1166 3167 ipsas
1183 3101 1292 3165 inscrip-

229 3175 309 3224 tiones
325 3174 401 3223 nimis
418 3175 543 3225 dilatatas
561 3190 614 3223 esse
632 3176 752 3238 copnooit.

174 3238 208 3302 ¹⁸)
229 3242 270 3304 Us.
284 3260 312 3307 p.
326 3242 375 3292 JV.

173 3306 208 3369 ²⁸)
228 3310 269 3374 Cf.
287 3310 349 3361 adn.
360 3313 400 3361 36.

174 3377 209 3443 ¹²)
228 3379 269 3430 De
286 3379 377 3429 iorum
396 3381 579 3430 versiculorum
596 3384 694 3448 oripine
711 3382 825 3433 certatim
843 3381 949 3430 arioicti
966 3387 1026 3429 sant
1042 3378 1151 3430 editores
1165 3376 1294 3440 (Bidana,

233 3449 375 3513 Serapeum
394 3467 418 3500 a.
433 3453 501 3511 1857,
519 3454 588 3505 n.2.·
612 3452 747 3503 Bendiaeen
760 3468 789 3516 p.
800 3456 861 3514 150,·
884 3450 990 3500 Baroek
1003 3465 1031 3513 p.
1045 3451 1111 3508 360,·
1139 3444 1295 3497 Ascibacn¹

227 3536 256 3583 p.
270 3521 328 3583 84).·
356 3518 520 3569 Hrotsaitkae
537 3537 579 3569 eos
596 3538 648 3573 esse
665 3522 841 3578 crediderunt,
855 3528 963 3584 practer
982 3517 1183 3572 Aschbactsiuw
1200 3514 1294 3566 ‘iusum

225 3585 382 3651 puellarem'
405 3588 470 3638 dixit
493 3587 640 3653 Beatam,
666 3591 793 3656 epiiopum
816 3591 896 3638 mutto
916 3589 1009 3639 rectius
1034 3586 1137 3650 Koepke
1159 3585 1196 3635 11
1211 3602 1240 3650 p.
1256 3587 1294 3647 H,

229 3657 379 3722 resrapatus
397 3666 481 3707 tamen
499 3656 648 3722 Bormonis,
667 3661 711 3724 qui
727 3669 833 3725 propter
850 3659 981 3709 metricam
999 3656 1201 3721 discrepantiam
1218 3654 1295 3704 uersi·

232 3725 302 3776 cuias
313 3727 346 3776 ab
359 3726 510 3777 Hrotsritlsa
522 3730 629 3792 scriptos
641 3729 697 3779 iure
709 3737 846 3795 nepaoerat
858 3727 872 3788 (
872 3726 1014 3777 Germania
1028 3725 1080 3775 111
1084 3740 1113 3788 p.
1121 3724 1188 3784 376).
1207 3723 1296 3774 Besae

232 3811 285 3845 esse
302 3811 346 3861 epo
358 3795 435 3846 docui
451 3793 494 3858 (de
507 3797 598 3847 Avieni
609 3799 768 3864 metaphrasi
780 3801 937 3849 Arateorum
951 3812 979 3860 p.
994 3798 1051 3859 38).·
1068 3801 1209 3845 occurrunt
1220 3795 1296 3843 etiam

231 3865 371 3999 sets
525 3863 1234 3999 mussent
1248 3861 1294 3992 ‘t

370 3973 377 3997 r
1237 3971 1243 3982 ·
1287 3970 1295 3995 r

231 4003 300 4067 quod
316 4005 354 4053 ita
370 4004 471 4068 incipit:

318 4074 387 4123 Mors
404 4074 481 4138 dedit,
500 4077 599 4137 Ernma,
617 4076 672 4135 tibi,
691 4084 870 4142 postmortem
888 4074 976 4123 rivers
993 4072 1088 4133 aamis3

370 4143 463 4193 Vivere
481 4156 560 4195 morte
578 4155 624 4195 tua
642 4161 708 4194 mors
726 4145 802 4204 dedit,
821 4145 919 4203 ilmina,
938 4141 992 4191 tibi.

235 4206 371 4274 Stortpari
392 4222 518 4277 nequeunt
535 4215 568 4264 ab
587 4213 751 4264 Hrotsaittsae
768 4213 880 4263 mribus
898 4209 1238 4269 dcs.10iannisoisione,
1265 4209 1297 4261 cie

233 4278 323 4343 quibus
344 4298 398 4331 non
419 4283 511 4333 rectiru
532 4283 710 4335 iudicaverunt
730 4279 810 4346 (eine
828 4281 997 4346 Darsteliunp
1022 4279 1070 4330 tier
1088 4279 1252 4345 Apocalypse
1269 4281 1297 4329 iss
