2910 5024
241 363 292 418 166
602 354 864 414 HROTSVITHAE
881 354 1012 411 OPERA.

107 538 137 622 ΙΙ
163 533 213 623 17]
236 534 335 615 rosis,
354 539 360 609 Ι
379 531 438 598 sed
461 533 560 597 etiam
582 532 615 596 in
640 530 786 616 pulsibus
802 549 957 595 venerum
976 530 982 610 Ι
1001 527 1110 615 sdque
1125 530 1160 595 iu
1198 528 1371 596 uorundsm

238 639 390 685 mensuro
411 619 628 700 menbrorum,
649 626 653 699 Ι
673 619 756 681 siout
777 616 809 680 in
824 616 967 681 articulis
983 550 1199 702 digitorum]
1215 618 1249 682 in
1263 617 1372 705 quihus

240 705 372 771 easdem
395 705 619 791 proportiones
642 702 856 768 mensurando
879 703 1092 853 repperimus,
1113 705 1119 786 Ι
1138 722 1222 789 quas
1242 703 1276 768 in
1297 705 1369 769 sim-

239 792 366 877 phoniis
391 791 623 876 proemisimus,
642 796 648 866 Ι
667 790 743 875 quia
768 790 891 854 musioa
951 790 1033 854 oitrrr
1054 788 1286 855 oonvsuientis
1310 810 1369 855 uon

237 879 341 943 solum
363 898 488 959 rosum,
509 878 513 960 Ι
533 875 592 941 sed
614 877 713 940 etiam
734 876 870 940 aliarum
892 874 1094 940 dissimilium
1115 895 1236 941 rerum
1256 876 1264 959 Ι
1394 900 1406 939 s

172 964 211 1027 18
322 984 477 1029 orscrrum.
522 962 556 1027 si
572 964 815 1049 praesciremus,
839 961 924 1048 quod
940 960 1125 1027 huiusmodi
1146 961 1255 1027 nodus
1274 982 1369 1049 quse·

240 1050 351 1113 ationis
365 1048 369 1133 Ι
383 1057 450 1114 tam
466 1048 605 1113 difficilis
628 1049 669 1112 ad
684 1047 874 1112 solvendum
895 1055 983 1113 esset
996 1049 1116 1123 inseiis,
1131 1050 1135 1127 Ι
1150 1048 1372 1115 maluissem

239 1136 394 1201 minorem
418 1134 571 1199 muudum
593 1137 727 1216 nescire,
741 1134 745 1219 Ι
760 1154 856 1219 quam
871 1140 998 1198 tantum
1019 1134 1221 1199 difficultatis
1235 1135 1369 1201 subire'

325 1221 505 1287 Pserimos.
549 1221 603 1285 Nil
618 1221 727 1301 officit,
750 1220 837 1306 quod
852 1219 1053 1300 elaborastis,
1072 1224 1079 1301 Ι
1098 1241 1173 1285 oum
1188 1229 1268 1287 ante
1283 1222 1369 1307 igno·

238 1312 310 1372 rats
333 1308 459 1393 experti
482 1309 568 1372 estis.
589 1308 594 1391 Ι
1388 1346 1410 1387 9

325 1414 480 1458 orsmrum.
526 1394 665 1459 Verum:
699 1392 758 1456 sed
790 1390 903 1456 taedet
935 1411 995 1455 nos
1028 1392 1278 1479 philosophicae
1311 1392 1371 1459 dis·

239 1480 427 1566 putationis,
454 1480 460 1563 Ι
487 1481 563 1565 quie
594 1480 763 1564 nequimus
794 1499 890 1543 sensu
922 1478 1050 1543 emetiri
1081 1480 1271 1567 sompulum
1302 1488 1374 1545 tue

239 1566 382 1633 rationis.

177 1650 216 1711 ¹9
324 1572 505 1717 Pariurrus.
550 1650 617 1715 Cur
645 1672 697 1715 me
719 1650 863 1732 illuditis,
882 1661 888 1728 Ι
908 1651 961 1736 qui
984 1650 1082 1737 plane
1113 1672 1187 1715 sum
1210 1652 1372 1731 neamus!

241 1758 304 1803 non
327 1737 558 1825 philosophus?
578 1742 584 1816 Ι
1386 1776 1406 1813 s

329 1844 484 1890 ursmruur.
535 1822 579 1887 Et
599 1822 685 1888 unde
714 1823 774 1888 tibi
795 1822 893 1903 haee,
921 1842 1004 1908 quae
1026 1843 1087 1888 nos
1109 1820 1281 1909 fatigando
1302 1842 1371 1910 pro·

241 1910 360 1974 tulisti?

328 1995 508 2061 Piruorrus.
554 1992 701 2059 Tenuem
722 1996 878 2060 scientiae
893 1995 1063 2079 guttulam,
1109 2016 1186 2059 uam
1209 1995 1253 2060 de
1297 1994 1374 2060 lenis

242 2082 381 2146 solorum
409 2082 530 2167 pateris
559 2080 761 2161 effluentem,
791 2103 857 2146 non
887 2080 929 2145 ad
951 2016 1169 2167 oolligeuhum
1193 2082 1259 2147 resi
1281 2100 1348 2159 sus,

243 2167 301 2232 sed
335 2189 411 2232 oasu
444 2167 655 2252 praeteriens,
680 2169 684 2251 Ι
709 2176 873 2253 reportem
906 2169 1036 2249 elambi,
1059 2173 1066 2250 Ι
1089 2168 1259 2233 vohisoum
1291 2188 1371 2233 oom-
1387 2202 1410 2243 2

241 2255 404 2318 munioara
426 2252 542 2317 studui.
563 2252 569 2335 Ι

91 2319 223 2385 popm
328 2360 482 2406 orscrsunr.
529 2339 737 2404 Gratulamur
763 2348 840 2405 tuae
869 2340 1071 2425 benignitati,
1097 2340 1103 2423 Ι
1130 2338 1190 2405 sed
1220 2348 1376 2405 terram

199 2387 218 2447 ⁰
244 2428 405 2491 sententia
426 2427 574 2511 apostoli,
595 2428 600 2504 Ι
620 2425 769 2491 dicentis:
797 2426 884 2492 ‘nam
905 2426 1005 2492 stulta
1026 2424 1138 2491 mundi
1161 2426 1266 2513 elegit
1288 2425 1374 2501 deus,

243 2519 280 2576 ut
301 2512 512 2577 oonlunderet
534 2512 729 2597 sophistioa'.

328 2598 510 2663 Proxumus
545 2598 621 2664 Siva
637 2598 752 2662 stultus
774 2600 842 2664 sive
858 2599 1003 2687 sophista
1023 2618 1180 2683 perversa
1194 2606 1372 2685 operatu,¹
1388 2630 1412 2673 ι

243 2685 462 2749 confusionem
485 2705 505 2749 a
528 2685 792 2771 demeretur!

329 2791 483 2837 ursuwunr.
529 2772 591 2836 Ita.

327 2857 508 2923 Puruurrus.
553 2857 623 2922 Neo
646 2857 780 2922 seientia
803 2856 922 2921 scibilis
941 2858 947 2937 Ι
966 2854 1063 2920 deum
1078 2854 1227 2937 oll'endit,
1250 2854 1310 2921 sesl
1329 2856 1375 2921 iu·

242 2944 363 3007 iustitia
385 2944 523 3008 scientis.
545 2947 549 3021 Ι

331 3050 486 3095 orscrrunr.
530 3029 664 3094 Verum.
1390 3058 1413 3099 s

179 3109 216 3170 2¹
330 3117 510 3181 Pnrxurrus.
549 3116 592 3179 Et
608 3117 640 3180 in
656 3115 746 3178 ouius
760 3111 891 3178 laudem
907 3113 1034 3197 dignius
1048 3113 1230 3200 iustiusque
1246 3115 1377 3180 edentis
1393 3132 1449 3199 fau

245 3203 361 3266 artium
383 3208 598 3288 retorquetur,
622 3222 719 3288 quam
741 3202 772 3265 in
796 3201 875 3281 eius,
898 3201 953 3286 qui
967 3200 1079 3265 soibile
1102 3200 1182 3267 lesit
1199 3202 1205 3285 Ι
1225 3208 1262 3265 et
1275 3202 1375 3267 soien-

244 3290 321 3352 tiam
347 3286 482 3367 dedit‘ll

331 3394 484 3437 orscrrnnr.
529 3374 567 3438 In
588 3374 715 3436 nullius.

330 3460 510 3525 Psrunrrus.
556 3458 683 3532 Quanto
716 3459 801 3523 enim
828 3458 1016 3523 mirabiliori
1040 3459 1117 3543 lege
1144 3456 1245 3523 deum
1272 3458 1376 3523 omnis
1389 3488 1410 3529 ι

243 3546 276 3609 in
298 3565 432 3609 numero
462 3553 496 3609 et
518 3566 668 3610 mensura
695 3552 729 3610 et
750 3545 896 3631 pondere
918 3546 1066 3632 posuisse
1096 3544 1168 3630 quis
1189 3544 1348 3631 αμα,
1369 3548 1375 3625 Ι

244 3639 333 3697 tanto
357 3632 389 3695 in
413 3633 481 3696 aius
504 3653 612 3696 amore
637 3631 785 3697 ardescit.
805 3634 811 3716 Ι

330 3838 515 3890 lsaluendum
535 3839 607 3904 ll¹p¹
677 3838 808 3890 litantem
825 3838 867 3888 31¹
937 3836 972 3888 ‘25
989 3834 1377 3905 opsnntur..msmlur17¹:

243 3909 414 4043 ppeerptrpppp}
429 3920 558 3960 merentur
571 3909 681 3974 stapulo
697 3909 742 3975 (cf.
751 3924 780 3974 p.
793 3910 899 3972 119,33‚·
917 3907 961 3957 ubs‘
972 3908 1138 3973 privarentur
1148 3906 1187 3973 ss)
1257 3904 1375 3959 tuum

330 4132 363 4185 ‘23
383 4133 459 4184 Paul.
478 4134 514 4183 ad
533 4134 591 4185 Cor.
605 4132 624 4183 1
634 4136 698 4194 1,27
718 4132 762 4183 sed
780 4147 847 4197 quse
864 4132 943 4184 stulte
960 4140 1022 4185 suut
1038 4132 1142 4197 muudi,
1158 4132 1239 4201 elegi
1256 4132 1334 4191 dau,
1348 4138 1375 4181 sl

244 4204 385 4255 eonluurlat
402 4205 542 4267 sapientes·
559 4204 594 4269 εΙὶ
615 4201 697 4252 Prad.
715 4201 802 4266 epotis.
814 4204 904 4267 praes.
917 4204 950 4254 29
967 4202 1062 4255 ideireo
1078 4202 1170 4253 mundi
1186 4202 1272 4255 stulu
1286 4200 1376 4267 Hq'!

243 4274 315 4335 oeus,
334 4283 363 4323 ut
380 4273 515 4323 oouoidsnt
531 4272 715 4337 sophistice.
793 4268 826 4321 31
845 4272 881 4336 os.
894 4286 924 4335 p.
937 4276 992 4334 107,
1001 4278 1023 4323 1.
1102 4268 1140 4323 85
1156 4272 1194 4337 ‘s-
1213 4270 1306 4337 Βᾳδ
1319 4270 1376 4335 ss!

242 4340 309 4406 (sap.
325 4347 362 4404 11,
373 4344 403 4390 21
422 4342 466 4391 sed
484 4342 570 4391 omnia
589 4343 615 4390 in
634 4355 754 4391 mensura
771 4348 798 4390 et
815 4356 922 4391 numero
940 4348 967 4392 st
983 4339 1095 4407 pondere
1111 4339 1285 4409 dispoeuiq‘).
