2910 5024
239 344 289 397 124
598 340 856 397 HROTSVITHAE
875 340 1005 398 OPERA.

111 512 153 601 [V
178 511 209 600 5]
236 521 309 579 sunt
326 516 416 681 ‚ipter'
436 513 579 599 angelos,
603 515 725 600 tibique
748 515 862 580 infelix
884 515 1083 601 respublica
1101 516 1107 599 1
1126 513 1365 600 relinquebatur

235 623 270 665 re
297 622 337 665 en
362 623 390 665 a.

273 623 295 686 g
322 688 473 753 Iunrsnns.
520 685 585 751 Cur
607 686 719 750 infelix
742 687 833 750 iuxta
854 685 889 750 id
911 688 1085 773 temporis?

82 789 148 840 Ραθ-
162 778 216 825 170.
322 772 487 838 Iouanuas.
532 772 585 836 Ex
607 774 762 858 qualitate
785 773 954 855 rectoris!

322 859 452 924 Passus.
501 858 674 944 Reliquisti
702 878 831 923 omnem
860 861 1050 945 religionem
1070 866 1076 936 1
1095 868 1130 924 et
1162 860 1305 924 imitatus
1333 872 1402 924 cs⁸

235 945 406 1010 idolatriae
430 946 701 1031 superstitionem.
722 947 727 1027 1
745 945 810 1009 Pro
834 944 895 1010 hae
917 946 1086 1032 iniquitate
1109 952 1144 1010 et
1165 967 1186 1010 a
1208 947 1271 1011 uris
1293 967 1367 1011 eon·

236 1033 401 1119 speetibus
420 1032 425 1113 Ι
446 1038 479 1095 et
501 1053 520 1095 a
542 1039 670 1096 tuorum
692 1032 848 1096 societate
872 1053 930 1096 nos
953 1033 1180 1097 subtraximus.
1201 1041 1207 1109 1

192 1114 211 1174 6
322 1117 474 1183 Immune.
530 1117 623 1181 Licet
651 1119 729 1181 satis
757 1118 865 1182 multis
888 1139 908 1181 a
929 1119 1021 1183 vobis
1044 1117 1278 1183 dehonestatus
1300 1119 1365 1187 sina

237 1203 342 1270 adhuc
364 1210 489 1284 tamen,
515 1225 652 1289 parcens
675 1203 840 1287 audaciae,
861 1208 866 1288 1
886 1205 979 1289 cupio
1002 1226 1060 1270 vos
1083 1207 1167 1271 inter
1188 1206 1310 1291 primos
1334 1207 1447 1285 insuat

236 1291 357 1378 palatio
382 1291 574 1372 extollere!
1382 1318 1403 1356 a

321 1375 485 1441 Iouauuns.
529 1376 580 1439 Ne
609 1375 709 1460 fatiga
736 1382 783 1455 te,
812 1376 818 1458 1
845 1376 920 1461 quia
945 1397 1006 1441 nec
1032 1376 1126 1441 minis
1153 1397 1215 1442 nec
1244 1374 1366 1441 blandi·

237 1464 354 1528 mentis
378 1463 522 1546 cogimur
544 1461 670 1526 cedere.
693 1462 697 1542 1

193 1543 212 1603 7
321 1548 473 1614 qurnuus.
529 1547 654 1613 Decem
686 1547 809 1611 dierum
841 1547 926 1612 dabo
954 1547 1115 1630 inducias,
1144 1569 1210 1634 qno
1240 1548 1367 1614 tandem

235 1636 461 1721 resipiscentes
484 1635 568 1699 ultro
584 1635 751 1698 maturetis
770 1636 775 1717 1
795 1635 994 1700 reconciliari
1009 1635 1134 1720 gratiae
1148 1643 1282 1701 nostrae
1297 1634 1365 1721 dig-

235 1722 352 1786 nitatis.
374 1722 379 1804 1
400 1720 456 1784 Sin
479 1727 602 1785 autem:
636 1719 721 1805 quod
745 1719 927 1785 laciendum
950 1727 1014 1800 ost,
1043 1721 1172 1802 faciam,
1193 1725 1198 1805 1
1216 1742 1260 1786 ne
1287 1723 1366 1786 ultra
1382 1748 1402 1788 a

235 1809 328 1873 vobis
350 1806 522 1871 ludibrium
544 1807 629 1874 fiam.
650 1816 655 1881 1

322 1894 453 1959 Plutus.
499 1892 594 1967 Quod
617 1893 758 1956 lecturus
787 1894 865 1975 eris,
894 1891 992 1957 hodie
1013 1893 1149 1978 perfice,
1176 1891 1181 1976 Ι
1208 1895 1285 1981 quia
1311 1914 1368 1959 nec

237 1979 279 2044 ad
307 1981 354 2044 tui
376 1980 602 2044 salutationem
624 1999 685 2043 nee
714 1978 756 2042 ad
779 1979 935 2064 palatium
956 2000 1017 2045 neo
1040 1978 1082 2043 ad
1110 1980 1270 2046 culturam
1291 1980 1367 2046 deo·

238 2088 310 2130 rum
333 2087 392 2131 nos
415 2068 536 2151 poteris
559 2070 748 2145 revocaret

324 2153 473 2219 lucratus.
519 2154 630 2227 Abite,
655 2150 957 2237 discedite31quae
980 2152 1099 2232 monui,
1122 2158 1326 2238 perpetrate!
1345 2152 1352 2235 1
1382 2179 1401 2219 a

321 2238 485 2305 Ionausns.
530 2242 693 2324 Acceptas
713 2239 718 2321 1
737 2258 801 2302 non
824 2239 915 2302 flocci
938 2238 1093 2302 faciamus
1113 2237 1272 2319 inducias,
1291 2242 1296 2322 1
1315 2237 1369 2303 sud

237 2324 408 2388 facultates
435 2324 526 2390 eaelo
553 2325 796 2411 praemittamus
819 2325 824 2405 1
849 2345 974 2410 nosque
1003 2324 1128 2389 ieiuniis
1156 2332 1191 2389 et
1220 2327 1369 2392 obsecre·

237 2412 377 2475 tionibus
400 2409 462 2475 deo
485 2413 613 2475 interim
637 2410 908 2475 commendemus.
930 2419 935 2491 1

321 2496 452 2562 Pronus.
499 2496 709 2582 Consequens
732 2505 791 2561 est.

163 2724 212 2788 V]
322 2718 471 2784 qumuns.
517 2717 626 2798 Vade,
656 2717 880 2799 Terrentisne,
908 2719 1042 2804 sumptis
1072 2725 1180 2784 tecum
1204 2720 1365 2787 militibus.
1378 2738 1399 2778 ⁵

88 2829 150 2880 paq.
165 2817 217 2864 171.
237 2811 270 2870 et
299 2805 457 2890 compelle
481 2803 659 2868 Iohannem
689 2812 722 2868 et
743 2804 881 2869 Paulum
912 2805 974 2870 deo
1005 2805 1075 2869 Iovi
1102 2806 1302 2879 sacrificam
1320 2807 1369 2884 lai

237 2898 346 2956 autem
370 2892 531 2955 obstinato
554 2892 731 2954 restiterint
749 2898 893 2977 pectore,
915 2896 919 2969 1
938 2892 1148 2977 perimantur,
1171 2914 1237 2958 uon
1252 2893 1368 2980 palam

236 2977 295 3043 sed
317 2979 450 3042 nimium
475 2978 610 3058 occulte,
631 2977 635 3058 Ι
656 2979 731 3063 quia
754 2978 887 3063 palatini
909 2978 1037 3062 fuere}

102 3221 168 3287 VH
195 3228 208 3286 l
321 3218 564 3282 Tsanssursrus.
599 3218 781 3304 Imperator
796 3217 948 3298 lulianus,
965 3218 1016 3282 eui
1032 3218 1148 3301 servio,
1164 3218 1252 3282 misit
1268 3218 1369 3287 robis.

235 3305 397 3369 Iohannes
421 3311 453 3367 et
475 3304 593 3385 Paule,
624 3326 682 3391 pro
706 3306 754 3368 sui
777 3304 949 3368 clementia
975 3324 1111 3369 aureum
1140 3305 1369 3371 simulachrum
1385 3330 1407 3369 a

237 3392 334 3471 Iovis,
350 3392 353 3473 1
368 3391 418 3454 eui
441 3398 513 3454 tura
535 3392 633 3475 gratis
656 3392 824 3476 imponere
848 3389 989 3466 debetis:
1005 3398 1009 3473 1
1028 3390 1115 3476 quod
1129 3391 1157 3455 si
1171 3391 1369 3467 nolueritis,¹

236 3477 408 3564 capitalem
432 3479 624 3541 sententiam
646 3477 803 3541 subibitis.
824 3484 829 3552 1

321 3563 484 3627 lonenses.
536 3563 570 3626 Si
593 3564 736 3627 lulianus
764 3563 806 3626 sit
831 3569 904 3626 tuus
928 3560 1079 3643 domnus,
1110 3561 1232 3627 habeto
1256 3584 1372 3650 pacem

236 3671 307 3713 cum
330 3649 385 3713 illo
411 3655 444 3712 et
466 3657 557 3712 utere
582 3651 650 3713 eins
673 3651 791 3735 gratia3
815 3649 907 3712 nobis
930 3669 995 3711 non
1018 3656 1068 3713 est
1090 3649 1182 3730 alius,
1202 3652 1208 3731 1
1226 3650 1290 3714 uisi
1313 3649 1371 3716 do·

234 3737 337 3799 minus
360 3735 452 3800 Iesus
473 3735 631 3799 Christus:
653 3739 657 3816 1
677 3758 735 3822 pro
760 3736 848 3800 cuius
871 3754 982 3799 amore
1006 3734 1229 3800 desideramus
1253 3739 1348 3819 mori,
1366 3792 1369 3799 .
1387 3764 1411 3805 a

235 3842 298 3908 quo
321 3843 504 3887 mereamur
527 3823 667 3886 aeternis
690 3822 815 3907 gaudiis
837 3821 968 3907 perfrui.
989 3824 995 3902 1

319 3980 353 4032 26
372 3989 390 4026 Ἰ
406 3982 530 4047 compelle
548 3983 583 4032 tic
596 3981 640 4039 d!‚·
658 3988 683 4031 ot
697 3998 746 4031 om.
754 3997 776 4045 p
845 3978 879 4030 28
897 3981 969 4031 nimii
982 3977 1024 4028 Μ’
1094 3976 1130 4030 30
1146 3976 1213 4047 lola]
1226 3997 1244 4031 ο
1256 3997 1290 4032 u.
1303 3997 1374 4031 m.

233 4074 286 4116 ont.
302 4066 333 4114 l!
367 4069 452 4134 profui
465 4067 507 4116 ,111
576 4065 609 4118 31
628 4069 671 4117 cui
689 4048 747 4117 tdra
759 4066 816 4127 alst·
828 4066 870 4118 cui
882 4066 960 4116 thura
972 4082 1005 4129 m,
1019 4065 1135 4116 caritura
1144 4064 1186 4131 1³²,
1198 4066 1244 4118 eui
1255 4069 1375 4134 αῦτη*

234 4132 268 4184 32
280 4137 388 4187 sentiam
407 4137 448 4185 JI¹
536 4134 570 4189 33
588 4137 706 4188 dominus
725 4135 811 4200 dep
898 4132 933 4185 34
951 4140 970 4178 Ἶ
985 4144 1058 4186 utere
1074 4134 1112 4185 sic
1130 4133 1172 4191 lt·
1190 4144 1217 4186 et
1234 4151 1285 4188 ont.
1297 4152 1323 4202 p

321 4255 352 4305 ll
371 4258 405 4321 ef.
425 4257 568 4308 eolalia
584 4259 651 4319 §10.
728 4254 761 4307 13
778 4258 812 4322 cs.
832 4255 923 4320 Sap.3
940 4255 1005 4317 §24
1080 4251 1113 4306 ll
1132 4256 1167 4322 cs.
1188 4255 1335 4319 Cedw
1352 4268 1376 4309 et

235 4322 292 4374 lot.
306 4327 344 4388 13,
355 4327 388 4375 27
404 4327 472 4392 quod
490 4328 563 4389 sacis,
580 4329 621 4378 sac
638 4327 723 4377 citius.
811 4323 844 4375 19
860 4325 895 4391 cf.
914 4325 985 4376 Gall.
999 4325 1017 4374 Ι
1026 4327 1057 4375 m
1075 4323 1142 4388 §1st
