2910 5024
245 339 295 393 138
608 338 869 393 HROTSVITHAE
887 337 1016 395 OPERA„

145 510 217 598 [IV]
244 520 293 576 est
315 513 445 596 specie?
466 514 470 594 Ι
491 511 638 592 Intende,
663 512 802 593 domine,
825 514 889 577 mei
905 513 1071 587 timorem;
1091 516 1096 595 Ι
1116 514 1260 582 intende.
1284 536 1375 600 quem
1391 534 1433 599 Ιιι

245 599 364 682 patior,
388 598 546 664 dolorem!
568 604 572 678 Ι
593 598 678 671 Quid
700 599 793 680 mihi,
818 598 893 685 quid
917 598 1079 684 agendum
1103 601 1155 678 ait,
1179 603 1309 686 ignoro:
1328 604 1377 677 lai

244 684 427 770 prodidero,
448 689 453 763 Ι
473 686 572 749 civilis
599 706 658 769 per
684 705 736 749 me
768 686 823 749 liet
851 685 1024 759 discordia;
1046 694 1051 763 Ι
1071 686 1096 750 si
1126 687 1288 753 celavero.
1308 694 1314 765 Ι
1331 690 1377 753 in·

243 769 331 834 sidiie
360 770 526 835 diabolicis
554 772 622 834 sine
653 779 685 834 te
715 772 870 855 refragari
897 793 1034 857 nequeo.
1056 775 1062 849 Ι
1081 772 1163 837 Iube
1191 795 1245 838 me
1275 776 1307 839 in
1336 788 1377 853 te,

245 856 382 936 Christe,
407 859 494 922 ocius
518 859 608 932 mori,
630 872 634 929 Ι
654 878 694 921 ne
719 858 791 921 liam
815 860 847 922 in
870 859 995 922 ruinam
1018 858 1159 924 delicato
1183 861 1309 925 iuueni!
1329 872 1333 939 Ι
1402 885 1413 923 a

328 945 559 1010 Asssoucsss.
606 944 677 1007 Vae
707 944 785 1008 mihi
814 946 1025 1009 infortunato!
1060 947 1225 1031 inprovise
1255 958 1378 1012 mortua

244 1035 293 1093 est
317 1029 486 1098 Drusiana.
531 1028 632 1094 Curru
653 1039 888 1115 'sanctumque
913 1031 1092 1096 Iohannem
1115 1032 1253 1098 advoco.
1274 1042 1279 1109 Ι

714 1160 915 1168 *—

151 1187 227 1236 ‚rua

94 1202 178 1314 ΜΨ
204 1258 214 1316 1
330 1251 492 1314 lonssuns.
549 1246 614 1312 Cur
646 1249 778 1312 nimium
812 1251 1026 1328 contristaris,
1061 1252 1272 1318 Andronico?
1296 1261 1302 1333 Ι
1327 1277 1378 1320 cur

243 1340 345 1402 fluunt
367 1338 537 1400 lacrimae?
558 1338 563 1415 Ι

279 1488 283 1495 ,
331 1427 561 1487 Asnuorrouus.
596 1420 672 1484 Heu
687 1420 761 1499 heu,
779 1421 921 1487 domine!
938 1422 1074 1503 itaedeo
1091 1425 1179 1489 vitae
1195 1428 1354 1513 propriae.
1391 1452 1411 1489 u

331 1511 494 1573 lunenses.
540 1506 625 1579 Quid
648 1509 788 1592 pateris?

331 1599 560 1659 Axuuourcuus.
606 1592 776 1674 Drusiana,
800 1596 846 1658 tui
870 1596 1005 1672 assecla,
1025 1598 1031 1677 Ι

329 1681 491 1746 Iousxrss.
536 1679 637 1743 Estne
661 1680 789 1744 homine
814 1690 933 1745 exuta?
954 1690 958 1759 Ι

331 1771 561 1832 ⁴lunisoxrcruu.
606 1765 709 1829 Hem!
735 1776 792 1830 est.

201 1863 220 1921 ’2
331 1855 493 1918 lorrsxues.
548 1852 683 1916 Multum
716 1851 930 1929 disconvenit,
965 1861 1000 1917 ut
1034 1873 1093 1939 pro
1127 1855 1177 1919 hia
1208 1855 1409 1927 tundanturo

244 1942 406 2015 lacrimae,
428 1944 432 2021 Ι
452 1960 586 2024 quorum
611 1940 733 2002 animas
757 1939 915 2003 credimus
939 1941 1053 2004 laetari
1076 1942 1109 2004 in
1131 1943 1254 2028 requie.
1275 1946 1281 2026 Ι

331 2031 562 2090 Asusorrosus.
601 2025 674 2088 Non
691 2024 836 2090 dubitem
852 2027 937 2105 licet,
962 2028 1048 2112 quin,
1071 2034 1107 2090 ut
1122 2029 1253 2105 asseris,
1276 2032 1377 2095 anina

245 2115 452 2178 aeternaliter
475 2113 614 2175 laetetur
634 2116 637 2189 Ι
659 2133 839 2198 corpusque
863 2112 1056 2199 quandoque
1083 2115 1306 2202 incorruptum
1328 2136 1374 2181 re·

245 2203 424 2277 suscitetur,
445 2201 449 2278 Ι
470 2199 531 2262 hoo
562 2206 670 2261 tamen
702 2219 753 2262 me
784 2200 995 2263 vehementer
1032 2201 1149 2275 exurit,
1168 2209 1174 2275 Ι
1195 2201 1284 2287 quod
1313 2204 1377 2289 ipsa

245 2308 297 2351 me
321 2292 493 2372 praesente
517 2291 664 2360 mortem,
689 2293 724 2347 ut
747 2285 925 2355 adveniret.
950 2286 1091 2371 optando
1115 2289 1274 2353 invitarit.
1298 2292 1303 2369 Ι
1390 2316 1411 2356 a

330 2374 495 2436 Inuisus.
540 2372 734 2454 Agnovistin
757 2377 935 2451 causamil

333 2463 563 2522 Asuuosuurus.
611 2459 748 2541 Agnovi,
773 2459 896 2544 tibique
912 2459 1092 2541 enucleam,
1112 2460 1117 2543 Ι
1137 2460 1164 2523 si
1189 2460 1319 2546 quando
1340 2481 1377 2526 ex

247 2546 375 2609 tristitia
399 2545 459 2607 hac
482 2544 715 2607 convalescam.
737 2555 741 2622 Ι

199 2637 217 2698 3
331 2632 494 2695 lousxxss.
555 2630 758 2694 Accedamus
789 2633 793 2709 Ι
826 2632 1047 2716 exequiasque
1085 2630 1262 2717 diligenter
1298 2633 1377 2697 cele·

247 2719 411 2792 bremus.l
1391 2742 1413 2783 a

333 2806 563 2869 Asruurxrcuus,
599 2802 815 2866 Marmoreum
837 2803 869 2866 in
887 2803 1034 2887 proximo
1050 2802 1259 2888 sepulchrum
1282 2805 1377 2871 habe·

245 2902 310 2961 tur;
332 2900 335 2967 Ι
356 2892 386 2953 in
418 2888 503 2974 quod
527 2889 619 2951 funus
648 2898 795 2973 ponatur,
816 2894 820 2966 Ι
841 2889 1055 2975 servandique
1084 2910 1162 2954 cura
1191 2892 1352 2978 sepulchri

245 2978 422 3042 Fortunato
447 2984 555 3038 nostro
580 2976 779 3061 relinquatur
801 2977 1037 3060 procuratori!

332 3064 494 3127 lousxsns.
539 3060 658 3141 Decet,
687 3073 721 3125 ut
745 3064 922 3126 tumuletur
944 3063 1128 3131 honorilice.
1149 3066 1154 3144 Ι
1175 3062 1269 3129 Deus
1290 3064 1377 3129 laeti·

245 3152 319 3214 ficet
335 3151 474 3212 animaru
492 3151 522 3211 iu
539 3150 659 3233 requie.
681 3160 685 3223 Ι
1390 3172 1410 3211 ι

190 3317 211 3339 1.

98 3314 227 3436 ΡαὲῘΙωΐΙ
333 3372 537 3437 Uitruuius.
573 3371 658 3443 Quid
673 3372 739 3452 fiet,
762 3372 960 3436 Fortunate?
981 3373 985 3454 Ι
1006 3373 1081 3458 quia
1102 3392 1164 3436 uec
1179 3382 1286 3439 morte
1302 3373 1378 3439 Dru·

246 3461 354 3523 sienae
376 3464 379 3541 Ι
400 3460 543 3522 revocari
567 3479 696 3543 possum
720 3459 761 3521 ab
786 3464 930 3538 amore}

331 3545 545 3610 Foris-suus.
591 3545 811 3620 Miserabile.l

334 3631 539 3695 Cluuienus.
585 3632 701 3703 l'ereo,
724 3632 783 3694 nisi
807 3652 860 3694 me
883 3631 1015 3695 adiuvet
1037 3638 1092 3695 tua
1114 3630 1283 3697 industria.
1389 3646 1409 3686 ⁸⁸

330 3717 545 3781 uereri-isra.
594 3718 628 3779 ln
653 3738 715 3801 quo
739 3739 867 3802 possum
892 3718 1090 3795 adiuvaret!
1389 3710 1453 3785 Μ

332 3804 536 3871 Coruinius.
582 3804 619 3866 ln
644 3825 693 3869 co.
717 3820 752 3866 ut
775 3805 826 3867 vel
850 3813 1010 3868 mortuam
1033 3824 1087 3869 me
1109 3806 1213 3870 faciae
1236 3803 1353 3870 ridere.

331 3980 347 4029 2
366 3981 427 4044 quia
445 3996 486 4040 ug.
507 3978 537 4027 l!
605 3980 621 4027 ti
640 3981 662 4040 dr
676 3978 734 4041 (sic)
747 3979 876 4044 inprouise
890 3978 932 4033 M:
950 3987 975 4030 et
993 3980 1125 4046 inprouisa
1133 3980 1178 4045 γι,
1195 3977 1378 4047 inponi-9²3

244 4066 275 4099 ex
294 4051 424 4114 inproviso
443 4048 548 4097 Borock
567 4048 609 4109 (sle
628 4049 757 4114 inproviso
781 4047 913 4097 Terentiae
927 4049 1040 4114 μανίη)
1128 4047 1162 4100 12
1178 4049 1273 4101 meda
1289 4048 1331 4100 1¹

336 4188 346 4236 l
368 4186 402 4246 cf.
423 4187 478 4236 Col.
490 4192 505 4236 9
522 4190 584 4246 Μ’»,
604 4186 696 4234 „lbra
714 4187 760 4244 §L
832 4185 865 4236 15
883 4188 917 4251 cf.
936 4183 1215 4247 hamaticum·
1225 4184 1379 4251 atq-&uo

247 4267 370 4320 preneste,
400 4255 511 4305 Ir'elrrer'u
531 4273 555 4305 u.
568 4260 663 4305 4.3·.’.tl²
682 4254 808 4319 numquid
827 4255 927 4305 tiendus
945 4267 983 4306 est
1001 4255 1061 4315 iate,
1079 4255 1125 4321 qui
1143 4270 1253 4320 ragnum
1272 4254 1381 4321 ptulit

244 4325 370 4375 caeleste?
377 4326 390 4372 ¹.
478 4325 511 4373 24
530 4327 564 4388 cf.
578 4324 631 4373 Pel.
642 4328 702 4372 355.
