2910 5024
558 361 732 432 reme

184 534 255 600 Sed
275 535 369 619 virgo
391 533 510 600 Christi
531 553 593 598 neo
615 553 674 619 sup
697 534 778 600 liciis
800 536 947 620 superari

182 620 258 687 Neo
277 619 509 686 blandimentis
531 621 638 705 potuit
682 621 823 686 evinoier
844 622 928 703 ullis,

182 706 272 781 Quin
294 714 441 773 servaret
462 708 599 773 amatori
621 707 691 771 sine
714 706 828 772 fraude
850 709 959 794 priori,

179 793 280 868 Quod
303 795 439 881 pepigit,
461 801 593 880 pactum
615 794 708 878 signo
730 794 807 859 fidei
829 795 1015 860 stabilitum

180 879 245 946 eui
267 901 411 967 praeses,
433 901 568 966 pravam
589 901 716 945 rursum
737 901 898 946 renovans
921 881 1099 966 suadelam,

176 966 295 1032 Dixit:
317 965 365 1033 ‘Si
386 988 464 1033 vere
487 968 599 1054 cupias
621 968 742 1032 intacta
763 988 897 1033 manere

177 1053 297 1139 Virgo,
320 1053 403 1119 deae
425 1074 566 1139 magnae
589 1054 683 1119 oitius
704 1054 901 1140 subiungere
922 1053 1058 1137 Vestae,

179 1139 261 1205 Eius
284 1141 447 1207 sacricolis
470 1147 505 1204 et
527 1141 712 1205 consociare
733 1140 861 1227 puellis,

182 1225 257 1301 Quo
280 1226 441 1313 condigna
462 1228 522 1291 fias
543 1227 590 1291 illi
611 1247 742 1314 semper
763 1225 935 1293 famulari'

227 1313 323 1379 Haeo
344 1315 449 1401 inquit
469 1333 618 1399 praesos;
642 1319 755 1379 contra
775 1313 836 1378 sed
857 1315 903 1380 sio
924 1314 971 1378 ait
992 1312 1120 1399 Agnes:

183 1399 229 1464 ‘si
250 1400 331 1465 mihi
352 1401 422 1466 iure
445 1405 536 1465 tuum
558 1401 681 1487 placuit
703 1407 933 1486 contempnere
954 1404 1077 1479 natum,

184 1484 256 1570 Qui,
279 1488 405 1553 ratione
426 1488 552 1572 rigens,
575 1487 697 1552 eunctis
720 1507 849 1573 qnoque
872 1487 1018 1551 semibus
1040 1492 1135 1553 utens

186 1571 368 1659 Corporeis,
390 1575 499 1639 anima
520 1574 644 1659 regitur
664 1593 740 1638 num
765 1594 840 1638 uam
861 1574 1018 1639 moritura

186 1658 355 1740 (Quamvis
376 1662 418 1726 sit
438 1660 556 1725 merito
577 1660 708 1725 baratro
732 1595 931 1726 oiaudendus
951 1661 985 1725 in
1006 1660 1072 1724 imo

186 1746 295 1813 Multis
318 1767 462 1813 errorum
485 1766 544 1832 pro
567 1748 745 1811 commissis
767 1748 939 1827 rariorum,

184 1833 235 1916 Ni,
258 1854 372 1898 sanum
393 1834 524 1934 sapiens
546 1839 581 1897 et
602 1832 864 1919 quandoquidem
886 1832 1088 1919 resipiscens,
1212 1843 1261 1910 [οι.
1275 1847 1322 1896 ιι*

186 1919 227 1984 Se
252 1921 356 2005 tingui
378 1920 477 1985 sacrat
497 1940 580 2021 pura
601 1919 805 2006 baptismatis
826 1919 937 2002 unda),

186 2006 266 2080 Quis
290 2013 322 2071 te
369 2027 442 2072 osse
464 2007 559 2071 munis
581 2007 635 2071 vel
658 2007 728 2092 quis
750 2004 883 2071 taudem
905 2003 1047 2071 suadelis

186 2092 238 2158 Ad
262 2028 527 2158 simuicohromm
549 2092 630 2157 reris
651 2113 705 2158 me
728 2113 847 2178 cogere
869 2093 1000 2175 cultum,

187 2179 354 2244 Artificum
378 2200 455 2244 cura
478 2200 562 2266 quae
585 2180 786 2244 conformata
807 2180 941 2244 metallo

185 2265 405 2331 Membrorum
427 2266 542 2332 falsam
563 2271 696 2352 portent
716 2266 918 2331 solummodo
941 2266 1087 2352 formam,

185 2352 315 2418 Mobilis
338 2353 478 2418 officium
501 2353 666 2438 complent
687 2372 748 2417 nec
770 2354 913 2437 eorporis
935 2354 1046 2434 ullum,

184 2439 299 2525 Neque
323 2460 416 2504 suum
439 2438 516 2525 quid
538 2439 674 2503 viventis
696 2444 876 2504 monstrant
897 2440 1065 2506 animalis?

185 2525 226 2590 Et
249 2525 338 2612 quod
358 2527 401 2591 ab
423 2526 473 2590 his
494 2526 664 2590 insensatis
686 2526 901 2611 monstrisque
922 2527 1066 2612 profanis

186 2610 338 2677 Solamen
359 2614 447 2677 vitae
468 2612 617 2678 mihimet
638 2631 769 2697 sperare
791 2612 957 2697 gerendae

186 2698 332 2780 Possum,
356 2719 451 2785 quse,
473 2699 540 2763 vita
561 2717 724 2784 sensuque
746 2699 889 2763 carentia
911 2706 1037 2779 ounoto,

185 2784 254 2850 Neo
275 2785 338 2850 sibi
383 2785 538 2864 roficiunt,
560 2784 640 2849 mihi
661 2805 723 2850 neo
744 2805 931 2850 succurrere
952 2784 1118 2872 possuntl‘

226 2870 322 2936 Haeo
343 2807 401 2937 nii
423 2871 509 2937 dicta
531 2869 631 2952 dedit,
654 2891 789 2958 praeses
812 2870 1033 2957 Simphronius
1054 2874 1179 2960 inquid:

186 2957 384 3023 ‘Florentem
405 2958 518 3044 primis
539 2964 573 3024 te
594 2978 670 3022 nam
693 2978 854 3043 eognosoo
877 2958 936 3023 sub
959 2961 1060 3042 annis,

186 3044 321 3130 Ingenio
344 3065 490 3130 parvam,
511 3064 638 3109 necnon
659 3050 768 3109 aetate
790 3046 958 3120 tenellam

185 3130 272 3196 Hinc
295 3131 433 3196 infantili
455 3129 617 3217 parcendo
640 3131 837 3216 simplicitati

184 3217 368 3284 Prudenter
388 3224 423 3282 te
446 3217 613 3305 subporto,
636 3217 758 3283 lasciva
779 3217 898 3302 puella,

185 3301 259 3378 Quo
281 3303 445 3391 parcendo
468 3309 558 3369 tuum
581 3303 673 3369 citius
696 3310 730 3370 te
752 3304 884 3369 flectere
908 3302 1026 3368 collum

184 3390 253 3456 Sub
276 3392 375 3456 saeris
390 3390 514 3455 Vestae
536 3390 655 3477 plantis
677 3390 795 3455 iaciam
816 3389 1023 3455 venerandae

185 3477 338 3563 Turaque
360 3484 543 3543 nostrorum
565 3497 684 3542 numen
702 3477 838 3627 placare
861 3473 1005 3540 deorum

185 3563 253 3629 Sed
276 3565 313 3644 si,
335 3570 404 3628 tam
425 3565 538 3629 mitem
560 3583 700 3650 spernen
725 3583 743 3626 o
766 3562 833 3627 mci
854 3562 1021 3648 pietatem,

186 3648 450 3730 contraluctaris,
473 3671 548 3716 mea
569 3670 611 3717 ne
633 3656 812 3736 praecepta
832 3647 987 3734 sequaris,

1110 3752 1214 3766 ι·-

165 3805 217 3862 153
228 3810 288 3875 igit
377 3825 403 3860 m
415 3809 508 3860 tom
520 3807 553 3858 Μ
621 3805 672 3861 156
692 3804 996 3873 itius(cio)d1,eioiusp
1065 3801 1214 3856 lbdsamu·

143 3877 179 3930 d!
256 3875 271 3928 l
324 3876 580 3945 nunnmqusmdi¹
659 3874 674 3926 l
727 3874 956 3941 Quamiussitd!
1021 3871 1218 3926 letnimisl!

144 3964 240 4015 corpus
258 3946 292 3997 M
376 3944 429 3999 172
446 3964 523 3999 sunm
541 3947 603 4013 quid
621 3943 669 4010 (cio
686 3944 794 3996 Borsck
811 3961 843 3996 ee
855 3945 889 4010 p)
906 3945 935 3996 in
951 3942 986 3995 M
998 3959 1102 3995 nomm
1119 3942 1213 4008 aquosi

143 4015 267 4081 insanitili
284 4015 319 4066 M
397 4015 447 4068 181
465 4016 543 4084 pusio
560 4016 604 4067 Μ’
680 4013 731 4067 183
747 4014 834 4080 sloium
851 4013 895 4064 11¹
974 4010 1024 4064 let
1040 4014 1100 4063 Iure
1117 4009 1158 4070 lt·
1176 4011 1212 4077 cs.

139 4086 198 4138 scat
209 4086 248 4138 od
259 4087 318 4138 dist.
333 4085 388 4136 Cat
402 4085 524 4150 IV38,1
536 4094 594 4138 ture
605 4085 682 4136 deum
692 4085 767 4152 placa
795 4084 915 4136 deorsum
925 4081 957 4133 Μ
1009 4079 1060 4134 186
1070 4097 1119 4134 nee
1134 4080 1214 4134 Ocltss

162 4221 213 4276 1⁷1
235 4224 271 4291 cs.
295 4221 370 4275 Alco.
388 4225 518 4287 c.1‚1193
540 4221 571 4275 P.
584 4223 610 4275 0.
632 4220 725 4274 tom.I
740 4238 767 4287 p.
780 4224 829 4272 195
854 4227 926 4271 motu
947 4218 1003 4271 sins
1024 4219 1137 4286 eorporis
1158 4218 1214 4271 ullo

139 4295 238 4347 >Aaou
251 4297 301 4355 1,s
318 4293 387 4344 idola
397 4301 472 4345 muta
488 4293 604 4346 etsurda
621 4300 647 4344 st
663 4292 809 4344 sinsseusu
826 4297 854 4343 st
869 4287 1043 4344 sincerrima).
1114 4285 1165 4341 128
1177 4289 1212 4356 cs.

139 4366 209 4417 ,sse
226 4361 362 4429 (rasa
373 4361 410 4428 s).

139 4453 321 4505 {norsum
340 4460 432 4499 ornus.
1042 4439 1057 4493 7
