2910 5024
526 364 793 420 HROTSVITHAE
811 365 939 420 OPERA.

270 536 356 601 Hinc
379 544 607 614 memoresto,
631 538 684 602 dei
706 538 846 622 genitrix
868 537 1080 618 sanctissima,
1102 541 1213 617 nostri,

269 622 332 696 Qui
355 629 388 686 te
411 631 531 704 ments,
554 624 628 706 fide,
652 631 727 688 voto
751 622 921 688 laudamus
943 629 977 687 ct
1000 643 1066 705 ore,

273 709 345 783 Quo
368 709 441 793 pius
464 710 533 794 ipae
556 731 693 796 gregem
715 717 827 796 pastor
849 729 980 774 servare
1002 709 1134 776 fidelem

268 795 440 882 Dignatur,
463 799 583 860 veteris
607 797 743 883 depulsa
765 796 878 861 fraude
902 796 1059 861 draconis.

269 883 315 946 At
336 902 396 945 nos
419 883 532 955 exiles,
555 884 643 948 nulla
665 885 782 947 virtute
804 890 967 970 potentes,

268 969 316 1033 Te
341 989 480 1053 semper,
503 971 590 1056 regis
613 977 717 1034 mater
738 990 803 1034 non
826 976 913 1035 tacta
934 970 1097 1056 perennis,

267 1056 317 1119 Ac
340 1054 382 1118 dc
405 1062 438 1119 te
461 1056 608 1140 genitum
630 1076 741 1140 regem
766 1055 995 1142 dominumque
1018 1048 1169 1141 polordm

270 1141 455 1222 Ellerimus,
480 1144 601 1207 crebris
624 1143 863 1207 conclamantes
885 1143 979 1207 simul
1003 1141 1090 1213 odis:

270 1228 411 1292 Peccato
435 1235 546 1292 noster
569 1230 710 1293 moriens
732 1231 829 1315 periit
851 1232 927 1314 quia
949 1230 1060 1307 frater,

271 1313 347 1392 Sed,
370 1320 543 1400 postquam
567 1317 672 1400 periit,
695 1336 754 1401 per
777 1322 820 1395 tc,
845 1337 937 1381 sacra
958 1317 1060 1399 virgo,
1083 1316 1223 1381 revixit'

313 1400 374 1464 His
398 1400 491 1465 dictis
514 1410 636 1466 cartam
660 1403 873 1467 comburebat
895 1401 1112 1481 maledictam,

268 1485 311 1550 Et
334 1508 412 1550 mox
434 1488 611 1552 misterium
634 1491 752 1553 missae
774 1490 904 1574 peragit
926 1488 1081 1553 studiose.

268 1572 342 1637 Hoc
365 1573 420 1637 ubi
443 1575 628 1659 complevit,
650 1577 732 1639 miro
755 1575 929 1661 splendore
952 1575 1079 1639 refulsit

270 1659 378 1724 Instar
400 1662 561 1746 surgentis
582 1661 710 1725 Phoebi
733 1662 833 1726 facies
857 1661 1049 1743 vicedomni,

271 1745 343 1819 Quo
367 1749 485 1810 mentis
508 1747 670 1832 splendor,
694 1750 803 1812 lucens
826 1750 954 1812 animae
977 1767 1108 1834 quoqne
1130 1745 1241 1811 candor

270 1831 349 1896 Eius
371 1853 431 1919 per
453 1834 569 1898 faciem
593 1843 826 1899 monstraretur
848 1836 1044 1899 rutilantem.

269 1918 355 1983 Hinc
379 1927 488 1984 astans
511 1922 649 2005 populus
671 1923 771 1985 nimia
793 1921 964 1985 formidine
987 1928 1093 1986 tactus

268 2005 453 2071 Altithrono
477 2015 586 2092 grates
610 2010 718 2093 coepit
740 2028 891 2073 resonare
915 2015 1076 2083 tonantes,

268 2090 328 2156 Cui
352 2094 474 2178 placuit
495 2101 674 2159 monstrare
698 2095 756 2158 viri
779 2096 929 2158 meritum
951 2092 1139 2158 venerandi.

263 2177 340 2264 Ipse
364 2179 505 2265 quidem,
529 2200 654 2245 sacrum
677 2187 829 2266 repetens
852 2182 1009 2266 extimplo
1033 2180 1192 2257 locellum,

268 2265 307 2328 ln
330 2288 393 2351 quo
417 2267 567 2330 caelestis
590 2267 709 2331 donum
731 2268 848 2331 meruit
869 2269 1009 2354 pietatis,

267 2351 441 2437 Frangitur
463 2353 601 2417 adversa
625 2354 748 2439 fragilis
771 2353 947 2418 valitudine
972 2355 1092 2419 carnis:

265 2439 331 2502 Per
353 2441 559 2525 spatiumque
583 2441 678 2504 trium
700 2441 814 2505 morbo
839 2450 1004 2506 crescente
1029 2440 1165 2518 dierum,

267 2524 451 2611 Exemptus
473 2526 689 2612 corruptibilis
712 2526 753 2591 do
778 2548 907 2592 carcere
932 2527 1036 2592 carnis

269 2612 407 2696 Spiribrs
430 2613 621 2677 aetheream
642 2614 801 2698 plaudens
823 2614 970 2679 ascendit
993 2612 1035 2677 ad
1059 2614 1177 2694 aulam,

268 2698 400 2763 Auxilio
424 2707 557 2764 sauctae
581 2700 680 2763 fultus
703 2700 906 2787 domnaeque
928 2700 1064 2765 Mariae.

268 2785 399 2850 Scilicet
423 2788 601 2850 extinctum
625 2806 741 2871 corpus
764 2789 851 2850 nisus
874 2789 1068 2873 populorum

266 2873 342 2958 Ipso
367 2873 427 2936 rite
451 2873 522 2937 loco
546 2873 722 2937 tumulatur
744 2873 867 2937 honore
892 2895 1053 2959 supremo,

265 2959 303 3023 ln
325 2979 388 3043 quo
411 2967 524 3023 nactus
548 2967 619 3023 erat
640 2960 778 3040 veniam,
803 2981 897 3045 quam
923 2960 1030 3024 flendo
1053 2957 1199 3044 rogabat

308 3044 395 3109 Talis
419 3054 489 3109 erat
512 3045 675 3131 desperati
697 3067 823 3111 necnon
846 3047 999 3111 scelerosi

266 3131 365 3212 Finis,
390 3134 443 3217 qui
467 3134 632 3218 proprium
657 3132 768 3197 didicit
791 3132 912 3198 deflere
936 3141 1061 3198 reatum

264 3217 308 3281 Et
330 3239 365 3283 se
389 3218 557 3304 condignis
580 3219 701 3282 studuit
724 3221 837 3304 punire
861 3222 1020 3286 lamentis.

266 3304 352 3369 Hinc
373 3306 445 3370 laus
469 3317 503 3369 et
525 3307 625 3369 virtus
649 3304 777 3370 Christo
800 3328 860 3392 per
882 3308 1012 3372 saecula
1036 3314 1162 3391 cuncta,

266 3391 410 3455 Humani
432 3399 578 3456 veterem
602 3392 732 3476 generis
755 3395 809 3478 qui
832 3401 991 3457 straverat
1013 3394 1151 3476 hostem,

266 3477 397 3542 Plasma
419 3498 497 3541 suae
522 3478 658 3543 dextrae
681 3480 811 3563 rapiens
834 3482 994 3566 serpentis
1017 3480 1059 3543 ab
1083 3502 1151 3562 ore,

265 3564 370 3648 Ipsius
394 3572 427 3629 et
450 3564 534 3628 dulci
558 3572 684 3630 constet
706 3566 776 3630 laus
799 3566 886 3630 alma
908 3568 1046 3651 paranti,

265 3650 357 3724 Quae
381 3653 434 3737 pie
458 3652 603 3715 solamen
626 3654 744 3716 misero
767 3654 831 3717 iam
856 3654 1000 3717 contulit.
1046 3655 1164 3719 Amen.

307 3823 428 3888 Unicus
452 3824 616 3888 altithroni
639 3826 767 3909 genitus
791 3832 877 3889 retro
901 3834 1050 3910 tempora
1072 3826 1193 3907 mundi,

264 3909 327 3983 Qui
350 3913 507 3975 miserans
530 3911 667 3975 hominis
692 3911 859 3975 descendit
882 3912 923 3975 ab
948 3933 1022 3976 arce
1045 3915 1191 3997 parentis

243 4085 453 4152 ratumagum
471 4086 593 4137 Barack:
611 4088 706 4152 Frangi
726 4089 753 4138 ui
772 4087 804 4137 M
875 4082 926 4137 437
944 4088 1004 4138 nisu
1024 4085 1106 4140 Celtas
1185 4085 1232 4139 440

156 4154 245 4218 spirati
264 4154 296 4203 rlI
366 4155 418 4207 446
436 4157 498 4207 laux
517 4156 586 4220 rll¹p,
606 4157 652 4207 lux
671 4157 728 4207 ΜΕ·
751 4157 852 4207 conexi
869 4154 951 4217 (laus
971 4155 1080 4221 Christo,
1099 4158 1158 4210 laras
1175 4156 1244 4208 alan

156 4225 189 4287 cs.
208 4241 229 4272 u.
242 4225 302 4286 443)
389 4223 438 4276 447
457 4224 540 4290 amen:
561 4225 591 4274 ri!
679 4224 817 4276 448-455
836 4227 919 4276 orctr'o
938 4235 996 4277 autc
1015 4227 1098 4277 cibum

240 4360 344 4428 412cs.
364 4363 512 4429 Gong.120.
583 4360 931 4431 dddsq.cs..l!ar.1881q.
1006 4358 1244 4431 4424&ss
