2910 5024
249 344 301 400 152
610 343 871 400 Huousvlufllu
890 343 1020 401 OPERA.

94 518 156 603 [ΙΙΙ
176 518 230 647 111
248 519 361 681 {parariis¹
384 516 587 668 infidum
612 519 618 600 Ι
643 518 811 683 intqrvallo
846 517 970 583 dierum
998 522 1004 601 Ι
1031 517 1160 585 divinae
1193 519 1377 585 innitentem

261 625 302 669 an
380 624 416 668 so
498 624 563 668 non
585 624 679 668 sensu.

332 689 469 756 uersas.
516 690 596 755 Sero
620 690 830 770 meministi}

185 778 223 839 12
331 776 499 842 Aemula.
543 775 673 841 Fateor.
708 777 851 856 Accessi,
872 777 877 859 Ι
896 796 995 842 manu
1016 775 1195 843 fenestram
1220 776 1352 861 pulcari,

247 862 345 927 filiam
368 863 497 948 saepius
518 862 714 927 nominando
737 863 887 942 rocavi!
1403 892 1411 929 r

332 948 469 1013 Errasti.
515 949 561 1014 A!
586 949 704 1014 frustra
725 949 883 1032 coenent

332 1035 499 1101 damnem
544 1035 618 1101 Hoc
640 1035 746 1100 adhuc
768 1055 833 1100 non
854 1036 949 1116 sensi,
968 1036 975 1115 Ι
993 1032 1067 1115 sed,
1094 1053 1152 1099 cur
1172 1034 1382 1121 neglegenter

246 1120 279 1185 in
311 1118 425 1222 diyinis
453 1128 582 1207 ageret,
612 1122 739 1208 rogari;
759 1122 765 1206 Ι
784 1120 842 1186 sed
871 1141 932 1186 nec
960 1121 1041 1187 levit
1062 1120 1215 1186 tinnitum
1241 1124 1381 1208 responsi

247 1226 322 1272 rece
347 1229 366 1270 r.

88 1268 150 1318 Μ’
170 1252 228 1382 ²1⁹3
324 1208 496 1379 pOEr'rnnub
541 1293 585 1358 Et
607 1293 695 1380 quod
717 1300 793 1359 tunc
815 1292 969 1376 fecistill
1396 1322 1416 1360 a

333 1379 526 1464 (donanis.)
571 1380 637 1445 Ubi
652 1380 778 1459 abesse,
824 1401 899 1444 uam
915 1378 1123 1466 quaerebam,
1148 1375 1377 1465 deprehendit
1394 1392 1434 1455 {ot

245 1464 369 1530 viseera
391 1465 647 1532 discutiebantur
671 1401 975 1551 timoreimembra
989 1472 1217 1532 contremuere
1232 1485 1379 1551 pavore„

289 1636 321 1702 dl
330 1551 468 1701 Equam.
511 1553 582 1617 Nec
597 1554 727 1627 mirum;
751 1560 840 1618 certe
864 1560 899 1618 et
914 1573 976 1638 ego
989 1552 994 1638 Ι
1008 1550 1042 1618 id
1056 1553 1163 1637 ipsum
1177 1572 1265 1617 nnnc
1282 1553 1384 1638 patior

245 1656 288 1701 au
312 1638 363 1702 'en
388 1640 443 1722 ο.Ι

182 1730 221 1790 14
329 1725 498 1790 norrun.
541 1723 669 1789 Deinde
692 1723 854 1790 flebilibus
869 1725 957 1790 sonia
979 1744 1075 1789 auras
1089 1723 1205 1810 pollui,
1227 1725 1384 1810 rogitans.
1399 1749 1420 1789 a

246 1809 315 1894 quis
347 1811 441 1896 lupus
467 1830 575 1877 meam
604 1831 722 1895 agnam
751 1818 892 1896 raperet,
913 1814 918 1895 Ι
938 1811 1009 1897 quis
1033 1811 1118 1875 latro
1143 1830 1256 1876 meam
1289 1810 1385 1877 filiam

245 1915 283 1960 ca
307 1896 433 1963 tiuaret.

284 1916 305 1981 P
330 1895 468 2149 Enrpnrd.
511 1983 586 2047 Iurc
604 1989 799 2069 conquestus
815 1983 905 2049 fuisti
924 1984 929 2067 Ι
950 1981 1020 2050 eius
1035 1980 1267 2068 perditionem,
1291 2002 1387 2069 quarn

244 2069 380 2132 nutristi.

184 2152 220 2212 15
330 2154 497 2220 Masinis.
541 2153 689 2218 Tandem
711 2161 927 2236 accesserunt,
972 2155 1015 2233 ui,
1037 2153 1210 2220 rerimtem
1231 2154 1387 2222 scientes.
1404 2180 1427 2220 a

245 2260 297 2305 res
319 2262 393 2306 sese
416 2242 470 2322 ita,
493 2247 529 2304 ut
550 2240 609 2305 tibi
631 2261 715 2306 nunc
736 2241 883 2326 exposui,
905 2241 1030 2306 habere
1045 2239 1049 2322 Ι
1064 2240 1236 2327 ipsamque
1252 2241 1389 2307 vanitati

246 2326 397 2392 dixerunt
420 2327 592 2393 deservire.
614 2331 619 2405 Ι

330 2413 466 2478 Errare.
512 2413 578 2479 Ubi
601 2418 789 2494 moratur‘tl

330 2498 496 2564 Asnausu.
541 2499 749 2584 Ignoratur.l

181 2592 219 2654 16
329 2585 468 2651 Errnnu.
512 2584 598 2659 Quid
621 2586 698 2650 fiet?
1407 2612 1429 2651 a

332 2675 498 2738 Anausin.
543 2672 604 2736 Est
626 2671 704 2735 mihi
725 2669 830 2734 fidelis
853 2669 993 2751 amicus,
1016 2671 1084 2759 qui,
1108 2672 1261 2737 civitates
1282 2671 1393 2738 villu·

248 2777 310 2843 que
334 2779 526 2845 peragrans,
550 2779 615 2822 non
638 2758 793 2844 quiescet,
813 2761 818 2835 Ι
839 2755 960 2839 donec,
988 2779 1072 2844 quae
1095 2758 1185 2825 illam
1208 2766 1301 2825 terra
1323 2780 1392 2825 sns-

246 2847 380 2931 ceperit,
403 2849 593 2930 agnoscet!

332 2930 470 2996 Euentu.
515 2929 611 3009 Quid,
633 2931 661 2994 si
684 2929 891 3015 experietur?

331 3019 500 3083 maruan.
553 3016 710 3081 Habitum
741 3015 875 3080 mutabo
902 3016 1104 3102 {ipsamque
1138 3015 1200 3082 sub
1234 3018 1392 3083 amatorie
1407 3042 1432 3079 a

247 3105 356 3189 specio
379 3103 486 3175 adibo,
507 3107 511 3185 Ι
531 3105 558 3167 si
581 3103 664 3167 forte
687 3123 760 3166 mco
784 3102 907 3166 monitu
930 3109 1004 3188 post
1025 3122 1125 3187 grave
1147 3101 1363 3191 naufragium
1384 3138 1387 3149 ·

248 3196 428 3254 revertatur
450 3189 493 3254 ad
538 3190 668 3254 ristinae
714 3189 809 3252 uictis
830 3194 970 3289 portum.
990 3190 997 3271 Ι

184 3282 221 3342 17
331 3275 468 3425 Erplqnu.
526 3277 619 3340 tiam
637 3210 714 3361 quid
730 3275 796 3356 fiet,
813 3295 840 3338 er
856 3275 998 3340 carnium
1015 3294 1090 3341 oeus
1104 3274 1239 3361 vinique
1254 3273 1392 3345 mustus

248 3381 268 3425 a
315 3382 376 3427 one
414 3368 448 3424 rt

99 3489 161 3539 paq.
174 3473 230 3522 224.
268 3382 312 3447 pp
336 3450 502 3512 dascusa.
548 3447 638 3512 Haut
661 3446 839 3531 abrogabo,
860 3466 902 3511 ne
926 3467 1092 3532 agnoscar.
1405 3468 1427 3509 a

336 3533 474 3600 Errasti.
519 3534 624 3598 Recta
646 3554 776 3618 prorsus
791 3532 1011 3619 laudabilique
1033 3532 1232 3601 discretione
1255 3536 1388 3615 uter'm

250 3621 277 3684 si
306 3621 432 3684 artioris
461 3620 569 3685 frenos
599 3619 825 3684 observantiae
855 3620 1088 3708 aliquantisper
1112 3621 1266 3703 laxabie,
1295 3622 1303 3707 Ι
1328 3641 1389 3708 quo

251 3714 412 3772 errantem
435 3704 563 3772 Christo
587 3707 730 3770 lucreris.
751 3706 757 3787 Ι

333 3794 499 3858 Asnaum.
544 3793 593 3857 Eo
617 3793 721 3877 magis
743 3791 786 3856 ad
808 3790 993 3856 audendum
1015 3790 1239 3882 incitor,lquo
1263 3800 1299 3859 te
1313 3790 1388 3859 milti

248 3880 280 3944 in
303 3880 365 3945 hoc
387 3879 574 3945 concordari
597 3899 632 3943 re
655 3880 819 3963 experior.
839 3880 845 3960 Ι
1400 3896 1424 3935 υ

335 4053 368 4106 10
376 4072 411 4120 sq.
431 4056 538 4105 Enrnmr
556 4062 580 4104 ct
596 4054 728 4104 Annanan
745 4051 809 4104 odd.
829 4052 909 4104 oste·
977 4049 1012 4103 33
1029 4053 1138 4105 Enna
1164 4052 1198 4117 [E
1214 4052 1249 4105 11
1263 4050 1342 4117 (eru.
1356 4056 1388 4113 Δ,

246 4123 265 4174 ι’.
277 4140 297 4175 e
316 4126 460 4189 Annam)
494 4122 591 4175 Etiam
604 4121 753 4173 Boudicca:
773 4122 857 4173 Etiam
868 4138 908 4188 op.
978 4119 1012 4174 37
1030 4123 1116 4175 laenas
1167 4120 1387 4191 remma-'r

247 4191 333 4255 (irena
352 4193 443 4257 Celtee)
529 4189 564 4242 39
581 4192 739 4244 audiendum
758 4189 788 4240 M

332 4329 367 4383 23
384 4327 420 4393 ef.
439 4329 551 4396 reses
570 4330 620 4392 ec,
639 4331 657 4381 s
673 4330 725 4392 es.
813 4325 848 4380 30
865 4329 901 4395 cf.
919 4327 1026 4396 Pasar
1043 4331 1113 4395 ass.
