2910 5024
176 695 296 760 Karoli
323 694 524 760 Laebrnanni
551 693 705 759 natalicia
734 695 911 759 saecularia
941 695 1138 774 celebraturi,
1169 697 1225 778 qui

92 803 156 863 tum
189 817 316 863 mamus
348 797 427 880 reati
457 797 622 862 seminarii
649 797 827 880 pbilolooici
852 798 1072 863 Berolincnsis
1104 798 1225 865 sodales

91 902 259 979 ordinarii,

199 1024 253 1087 eoo
273 1005 378 1069 senior
699 1003 906 1069 Hennanuus
927 1004 1065 1069 Schmidt

195 1107 321 1172 Paulus
343 1107 473 1173 Siewerl
700 1108 852 1190 Gecroius
873 1108 1013 1174 Sommer

201 1209 388 1275 Wilbelmus
408 1208 601 1274 Nacbstaedt
698 1209 876 1276 ludovicus
897 1212 1115 1293 Snamamlsli,

92 1357 122 1401 a.
137 1336 169 1402 d.
198 1333 262 1400 IV.
278 1333 391 1398 Nonas
417 1332 561 1397 Martias
586 1353 617 1397 a.
633 1330 924 1400 MDOOOXOIII
944 1335 1089 1417 Adolpbo
1109 1335 1227 1402 Kircb·

93 1439 188 1520 baffio
202 1441 232 1502 et
247 1437 389 1502 Iohanni
405 1435 543 1501 Valleno
557 1436 723 1501 seminarii
736 1438 906 1502 rectoribus
919 1439 1228 1504 animadversionum

94 1542 129 1605 in
158 1539 360 1606 Hrotsoitbae
388 1560 482 1621 opera
513 1541 795 1605 commentariolum
825 1563 847 1606 a
874 1562 923 1606 me
948 1543 1101 1622 scribtum
1126 1541 1226 1607 tradi·

89 1644 207 1734 dimam.
251 1643 324 1708 Iam
346 1641 550 1707 Hrotsoitlae
571 1663 663 1721 meae,
686 1645 737 1708 cui
757 1664 779 1708 a
795 1645 914 1725 primis
928 1665 1031 1725 paene
1052 1645 1229 1710 studiorum

96 1749 200 1813 initiis
221 1767 283 1831 per
304 1745 436 1811 Horatii
462 1745 545 1811 illud
569 1749 758 1811 novennium
785 1751 814 1812 et
840 1748 922 1830 quod
942 1752 1082 1828 superest
1102 1768 1229 1830 operam

95 1850 172 1916 dare
199 1871 265 1914 non
289 1850 382 1929 desii,
413 1849 577 1915 editionem
599 1851 724 1915 tandem
750 1851 794 1915 ad
820 1853 916 1932 finem
931 1852 1103 1933 perducere
1129 1852 1228 1919 licuit.

99 1957 170 2038 Qua
191 1956 220 2019 si
240 1954 319 2036 quid
340 1954 391 2018 illi
405 1952 530 2037 profui,
551 1954 587 2018 id
607 1974 645 2018 eo
665 1975 700 2018 re
720 1954 840 2036 factum
849 1956 1008 2037 profiteor,
1031 1956 1114 2038 quod
1126 1954 1229 2021 Lacl-

98 2060 210 2122 manni
230 2058 390 2122 obsecutus
404 2061 571 2138 praecepto
597 2078 645 2123 me
673 2060 745 2122 totis
766 2059 887 2124 uiribus
911 2060 948 2123 in
975 2060 1043 2124 eius
1068 2059 1230 2144 incenium

98 2166 247 2227 etartem
268 2162 442 2226 insinuari.

183 2281 292 2363 Neque
313 2301 384 2346 cero
398 2280 577 2366 defuerunt,
599 2283 656 2363 qui
676 2281 713 2346 de
728 2283 861 2347 editione
882 2286 974 2365 atque
989 2283 1104 2348 editore
1119 2284 1230 2364 optime

98 2390 266 2464 mererent;
295 2384 408 2467 quibus
433 2405 472 2448 ea
497 2385 600 2448 animi
627 2385 781 2449 sententia
807 2386 930 2468 malcas
954 2405 1022 2468 ayo.
1073 2385 1231 2450 Ernestus

98 2488 280 2554 Duemmer
306 2492 336 2552 et
356 2486 534 2553 Ludaoicus
558 2488 682 2553 Traube
697 2489 850 2571 placatas
864 2509 969 2572 poem
991 2507 1094 2554 omnes
1115 2508 1231 2553 mecum

98 2597 301 2658 correxerunt
331 2597 360 2657 et
389 2592 518 2657 consilio
547 2593 627 2657 mili
654 2592 844 2673 adfuerunt;
868 2593 1062 2658 Franciecns
1091 2592 1168 2657 Ball
1193 2591 1232 2657 de

99 2696 212 2761 codicis
233 2694 439 2759 Monacensis
460 2695 600 2773 lectiam,
622 2696 724 2760 daubi
744 2696 781 2759 de
802 2716 839 2760 ea
860 2696 1055 2774 dubitabam,
1077 2714 1124 2759 me
1144 2693 1232 2758 inde·

96 2799 183 2884 fessa
212 2818 306 2880 opera
338 2799 497 2863 certiorem
526 2798 616 2879 fecit;
649 2797 834 2864 Wilbelmus
863 2798 974 2884 Meyer
1004 2796 1164 2879 Spirensis
1195 2797 1232 2860 in

100 2904 261 2984 mouentia
287 2901 542 2985 Cantabriaiensi
562 2902 681 2966 edenda
708 2921 755 2966 me
780 2901 898 2984 carecta
920 2899 1059 2980 adiuuit;
1089 2899 1233 2965 Karalus

101 3003 242 3070 Streeler
261 3005 446 3086 praeclaras
466 3004 588 3086 aliquot
607 3004 836 3069 emendationes
860 3009 889 3068 et
916 3004 1126 3068 imitationum
1148 2999 1233 3066 Pru-

100 3108 323 3173 dentiauarum
350 3109 596 3192 supplementum
622 3109 814 3174 uberrimum
840 3129 956 3175 mecum
982 3105 1233 3183 communicavit;

100 3212 338 3277 EBodemann
353 3211 615 3291 Hannooeranus,
637 3213 678 3278 F.
688 3212 908 3278 Braelcebuscl
925 3209 1233 3286 Gandersbemensis,

101 3317 140 3382 P.
157 3317 336 3382 Koetscbau
361 3317 580 3401 Ooburoensis‚
603 3318 632 3386 1.
648 3318 789 3383 Loebncr
802 3316 1048 3382 Vindobonemsis
1068 3315 1106 3379 de
1128 3314 1234 3379 biblio·

101 3422 259 3488 tliecarum
280 3440 413 3485 suarum
433 3422 588 3487 codicibus
608 3423 772 3504 quaerenti
793 3422 919 3486 comiter
939 3419 1175 3502 respondemmt.

187 3575 314 3641 Dabam
336 3576 485 3641 Berolini
506 3597 536 3640 a.
552 3575 583 3643 d.
601 3574 637 3643 V.
654 3575 822 3641 Kalendas
845 3573 988 3640 Octobres
1008 3595 1039 3637 a.
1055 3573 1101 3638 M
1100 3570 1175 3638 CM.

691 3755 824 3828 Paulus
850 3756 892 3827 de
910 3751 1129 3842 Winterfeld.

516 4060 824 4071 ——-—

155 4363 347 4413 Hnomvnm
364 4371 459 4410 aetna.
