2910 5024
557 380 612 437 re.
631 382 730 452 nysa.

188 557 298 624 Gloria
320 555 463 621 tristifico
488 556 576 621 ouius
599 555 783 642 praefulget
804 557 837 621 in
860 563 961 622 antro.

187 645 251 710 Sed
271 664 368 724 nunc,
390 648 426 707 ut
447 644 545 729 plane
568 649 636 707 toto
660 643 816 707 clarescat
841 644 874 707 in
896 646 974 710 orbe

184 731 260 797 Eius
282 731 437 796 maiestas
458 750 585 795 necnon
607 730 777 816 praecelsa
798 736 954 816 potestas,

185 819 200 883 Ι
222 819 290 883 aius
312 835 447 882 suavem
469 817 610 903 supplex
633 836 690 881 oro
712 816 881 902 pietatem,

214 913 228 971 t
251 924 370 991 corpus
391 901 531 988 rigidum
555 902 668 968 iubeat
689 903 889 968 recalescere
912 924 1038 968 rursum

185 993 294 1077 Atque
317 1009 437 1055 novum
460 989 614 1055 membris
635 989 801 1054 hominem
823 996 955 1076 reparet
976 990 1149 1057 redivivis?

184 1077 286 1160 Dixit,
312 1083 347 1141 et
368 1080 512 1141 astantes
536 1075 649 1161 egredi
670 1082 885 1162 praeceperat
906 1097 1032 1152 omnem

184 1163 236 1247 Mt,
259 1168 425 1250 prostrata
447 1163 516 1227 solo
540 1161 742 1247 fundensque
765 1182 880 1248 preces
903 1163 1110 1248 lacrimando,

186 1250 352 1316 Praestari
370 1250 454 1336 petit
476 1271 496 1313 a
519 1247 648 1314 domino
671 1249 800 1314 reniam
823 1250 992 1315 sceleroso.
1094 1248 1097 1260 ²

186 1337 246 1404 uui
269 1356 350 1401 mox
373 1336 487 1417 oranti,
510 1337 628 1400 misero
652 1335 816 1421 vitamque
839 1339 986 1422 precanti

185 1423 334 1510 Angelus
357 1423 505 1487 astiterat
526 1421 859 1508 procumbentemque
882 1422 1022 1508 levabat,

184 1510 354 1575 Praebens
378 1508 544 1595 colloquiis
566 1509 613 1573 illi
636 1509 782 1574 solamen
805 1508 925 1590 amicis,

184 1598 222 1662 In
244 1597 413 1681 verboque
436 1595 490 1660 dei
511 1597 604 1661 iussit
625 1596 744 1660 virtute
766 1595 893 1681 potenti

183 1682 373 1748 Extinctum
396 1682 503 1746 subito
525 1683 604 1746 flatu
625 1682 745 1746 vixisse
768 1688 944 1773 resumpto.

186 1770 247 1845 Qui
271 1770 365 1835 citius
388 1767 473 1833 dicto
496 1769 599 1832 iussus
622 1769 761 1833 surrexit
783 1768 824 1832 ab
847 1768 956 1850 humo,

185 1856 318 1922 Viribus
341 1861 375 1921 et
397 1856 519 1919 cunctis
540 1855 637 1942 plene
660 1854 814 1920 membris
836 1853 1007 1928 restitutis;

186 1943 245 2026 Ac,
270 1941 403 2007 laudum
427 1941 537 2007 dulces
560 1962 715 2028 spargens
738 1961 836 2027 super
858 1940 993 2005 aethera
1014 1958 1122 2023 uoces,

186 2028 303 2094 Grates
327 2029 476 2094 continuo
500 2027 648 2093 solvebat
669 2035 778 2093 mente
801 2025 940 2092 iocundo
1214 2041 1262 2106 fot.
1277 2045 1326 2093 w

184 2115 321 2198 Christo,
343 2115 458 2180 victori
479 2115 591 2180 mortis
613 2115 766 2201 vitaeque
789 2112 904 2179 datori.

186 2201 268 2267 Inde
292 2201 433 2288 quidem,
456 2203 562 2288 prima
582 2223 712 2288 prorsus
735 2201 838 2265 forma
860 2205 1026 2282 renovata,

187 2289 352 2354 Processit
372 2289 473 2370 risus,
498 2289 553 2374 qui
575 2294 679 2353 morte
702 2288 762 2352 fuit
784 2287 953 2372 religatus;

186 2375 308 2462 Atque,
331 2395 389 2440 suo
413 2375 495 2439 tristi
517 2395 552 2440 se
574 2372 813 2460 praesentando
836 2373 972 2460 parenti,

186 2462 240 2527 Fit
262 2483 315 2527 res
337 2459 510 2546 gaudendi,
533 2461 640 2525 fuerat
662 2463 714 2526 cui
736 2481 833 2525 causa
856 2458 996 2526 dolendi.

185 2547 272 2614 Hine
295 2549 409 2613 crebro
433 2548 558 2612 eaelum
575 2549 711 2698 (pulsans
733 2548 874 2612 clamore
896 2545 1091 2632 profundum

185 2635 295 2700 Utitur
318 2642 352 2700 et
373 2634 492 2717 verbis,
515 2655 572 2698 sua
598 2654 655 2698 ens
677 2632 859 2715 studiosius,
881 2633 962 2697 istis:

187 2719 343 2803 ‘Oredite,
365 2720 505 2785 Romani
528 2722 624 2802 cives,
647 2741 738 2806 rogo,
762 2719 883 2785 credite
907 2720 1022 2799 cuncti,

186 2807 268 2873 Esse
292 2807 389 2873 deum
412 2805 575 2872 Christum
597 2827 774 2892 verumque
796 2806 983 2893 perenniter
1003 2826 1102 2870 unum

188 2894 271 2960 Cum
294 2901 387 2981 patre
411 2893 604 2959 celsithrono
627 2914 753 2958 necnon
775 2913 848 2957 cum
870 2893 998 2957 flamine
1021 2912 1112 2958 sacro

187 2981 326 3068 Semper
347 2987 550 3067 regnantem,
573 2987 736 3066 sceptrum
760 2980 906 3064 caelique
929 2984 1109 3055 tenentem;

187 3067 256 3133 Sub
279 3067 400 3132 ditione
423 3088 481 3132 sua
504 3068 559 3152 qui
582 3068 800 3153 complectens
823 3066 973 3129 universa

187 3153 313 3219 Cuncta
335 3152 563 3240 gubernaculis
585 3154 670 3239 regit
692 3155 858 3217 inmensae
881 3151 1044 3216 bonitatis.

188 3239 254 3305 Hic
277 3247 327 3305 cst
349 3240 489 3305 orandus
513 3241 664 3326 solusque
688 3239 842 3304 colendus
865 3236 1035 3312 amandus;

189 3326 253 3400 Qui
275 3328 373 3414 prius,
396 3333 559 3392 errantem
582 3347 707 3391 necnon
729 3345 882 3412 perversa
905 3325 1068 3390 volentem

189 3411 295 3478 Morte
318 3414 487 3501 repentina
509 3415 601 3478 citius
623 3433 676 3477 me
699 3411 950 3499 praeveniendo,

186 3499 304 3565 Finem
326 3501 481 3565 stultitiae
505 3498 699 3585 dignabatur
722 3499 799 3563 dare
822 3505 943 3578 tantae,

187 3585 231 3650 Et
253 3593 337 3673 post,
361 3588 481 3652 erranti
502 3607 593 3672 prom
618 3592 669 3651 tus
692 3585 785 3650 solito
809 3585 964 3665 misereri,

186 3672 330 3760 Virginis
352 3673 489 3759 Agnetis
511 3609 661 3759 precibus
684 3692 795 3737 sacrae
818 3669 968 3736 studiosis

186 3758 341 3841 Mollitus,
365 3781 491 3825 cursum
514 3761 600 3825 vitae
624 3757 730 3824 reddit
752 3757 965 3824 renovatum?

162 3948 217 4003 292
243 3951 353 4002 testifico
378 3950 412 4000 M
505 3947 558 4001 298
587 3950 673 4015 egredi
700 3950 788 4015 pcerat
815 3947 846 3997 M
943 3943 994 3997 303
1020 3945 1145 4012 colloquia
1171 3944 1214 3996 M¹

147 4019 261 4073 iocunda
280 4019 361 4072 Celtcs
441 4017 492 4071 316
510 4019 631 4070 studiosis
650 4017 682 4068 M
762 4015 812 4068 317
831 4025 925 4067 cuneta
943 4014 974 4064 M
1053 4013 1105 4066 322
1121 4015 1215 4082 guber

139 4087 259 4141 isOcltss
336 4087 388 4140 323
406 4105 433 4141 es
452 4088 486 4137 M
555 4087 606 4140 325
625 4087 814 4154 praevenientis
827 4084 870 4135 Μι
945 4081 997 4135 328
1014 4099 1077 4136 scrss
1094 4082 1152 4149 (sic)
1172 4083 1215 4134 M:

139 4159 193 4212 wi:
210 4165 301 4210 ”now
314 4158 349 4223 ρ’
436 4156 488 4209 329
506 4174 609 4208 rursum
629 4156 671 4207 M:
691 4156 793 4208 correxi
810 4156 869 4207 coll.
883 4154 962 4220 priua
974 4155 1024 4204 412

161 4313 215 4368 29⁴
235 4318 269 4382 cf.
290 4316 357 4381 Agru.
370 4319 425 4367 262.
522 4311 573 4365 308
597 4315 633 4380 cs.
660 4312 775 4379 Theopb.
792 4315 850 4364 297.
953 4306 1005 4362 314
1027 4311 1061 4376 cf.
1088 4309 1143 4363 Pel.
1161 4315 1213 4363 195.

143 4387 182 4453 cs.
202 4383 265 4435 Boo.
278 4388 321 4437 80.
408 4381 459 4436 323
477 4379 512 4446 cf.
533 4383 613 4450 Gorty.
628 4386 683 4435 120.
769 4379 819 4434 327
839 4379 873 4446 cf.
891 4377 969 4430 Dion.
985 4381 1024 4431 85.
