2910 5024
614 366 703 421 Index
719 367 865 421 corborum.

1273 370 1326 427 485

190 541 258 595 Abr.
273 542 321 604 6,5
340 538 424 607 (nield
441 539 483 592 die
499 539 582 593 redite
599 540 673 605 Zeia·
691 539 727 604 cs.
756 539 933 594 tenebricolis
952 540 1033 594 Erebi
1057 541 1108 595 sub
1129 540 1226 595 limine
1244 542 1325 610 iungi

192 611 261 690 Sap.
275 611 300 674 3,
310 624 335 664 54
360 626 416 662 555
441 611 484 661 est
502 626 546 662 -us
564 608 728 674 altercandi,
789 609 904 677 Tacape.
916 624 953 663 iro
970 609 1013 675 (cs.
1027 610 1091 664 Bae.
1102 625 1134 664 re.
1152 610 1236 680 Pafn.
1248 613 1325 679 Lae).

191 697 262 748 qma
280 679 369 732 inritat
382 678 450 732 hora
463 678 589 743 cenandi,
608 684 632 732 el
646 679 728 747 prim.
757 678 902 733 tenebroso
921 678 1024 733 nebulo
1042 679 1103 749 (sic)
1119 684 1184 746 cat.
1197 695 1244 734 555.

191 763 232 802 res
244 747 291 801 hic
302 765 346 801 ·us
359 763 414 801 non
425 750 467 800 eet
479 747 531 801 hoo
540 747 730 817 discutiendi).
756 747 845 816 tener]
870 747 952 801 istius
976 764 1051 801 -erae
1069 748 1180 817 puellae
1199 749 1274 804 Mar.
1286 763 1326 804 ars

191 834 241 881 en,
270 816 324 871 inci
349 815 375 869 io
400 816 479 869 mori.
515 833 589 870 nunc
616 820 658 871 est
685 835 729 870 -us

191 886 293 941 orandi
337 885 397 950 asa.
413 886 453 947 13,
463 899 483 938 a.
515 884 562 940 aad
580 886 663 953 aliter,
684 902 730 940 ex·

191 959 311 1078 flectens
341 971 390 1023 spe
419 953 494 1008 felici
525 972 569 1007 ·us
595 954 730 1008 redeundi

212 1027 278 1078 ntus
291 1026 378 1091 atque
395 1023 556 1092 resurgendi
570 1023 604 1078 de
617 1025 731 1093 pulvere

192 1093 272 1162 pleni
286 1092 409 1161 eorporis
423 1093 503 1158 prim.
515 1107 560 1147 ιιι.
592 1095 670 1159 (555)
689 1096 732 1147 eet

193 1179 252 1226 -us,
277 1164 309 1214 ut
328 1201 360 1215 ..
388 1161 453 1213 Abr.
472 1162 532 1224 6,1.
559 1160 730 1230 Pofa.7,1e.

195 1234 237 1295 11,
248 1247 269 1285 5.
288 1231 329 1294 12,
340 1247 360 1284 s.
392 1229 478 1283 sensit
491 1230 670 1299 dampnanda
688 1249 731 1284 -us

192 1301 286 1354 inesse
305 1300 380 1367 lupa,
400 1316 455 1366 quo
474 1299 547 1352 mele
561 1300 730 1369 Gongolfum

191 1371 313 1438 possunt
326 1368 490 1437 extinguere
503 1372 629 1423 sanctum
645 1368 729 1437 6555.

190 1453 241 1492 seo.
272 1456 329 1501 ·us‚
348 1437 444 1490 ablato
463 1454 496 1490 ca
518 1437 564 1491 itis
584 1438 730 1501 velamine,

192 1506 259 1575 quis
277 1507 337 1570 sim,
357 1505 465 1575 aperire
512 1506 550 1561 br.
563 1507 587 1571 7,
598 1522 619 1561 a.

153 1576 287 1645 tendere]
307 1576 343 1628 -it
360 1574 509 1642 (adultera)
528 1575 643 1629 insidias
656 1577 731 1630 iusto

191 1645 267 1698 clam
286 1644 421 1697 nefandas
443 1643 528 1712 6555.
543 1660 581 1699 see
605 1646 685 1714 (Bae.
698 1661 731 1700 ιι.

191 1719 256 1780 pest.
268 1729 305 1769 555
324 1714 464 1781 laqueos);
483 1730 607 1783 gressum
628 1714 664 1767 ad
684 1715 731 1768 do·

191 1800 270 1837 mum
285 1803 305 1837 5.
316 1782 393 1836 Petri
406 1782 514 1836 concite
524 1783 646 1837 tetendit
660 1783 731 1837 Gall.

791 815 834 882 (de
855 816 951 870 Mario
972 816 1047 870 555515
1066 818 1172 886 penae.-
1194 823 1223 870 ac
1245 817 1326 872 amm

789 890 852 953 5555.
867 899 905 939 ses
923 886 1073 940 caelicolae
1096 885 1164 940 laeti
1187 902 1252 956 rege
1274 904 1324 942 suo

792 970 852 1007 -era
870 954 904 1008 de
917 955 1026 1023 virgine
1039 959 1121 1021 neto,·
1138 955 1173 1020 cs.
1186 958 1257 1024 Apa.
1268 960 1325 1024 rso).

792 1039 894 1092 agmen
911 1023 1081 1093 (Gmadade)
1103 1041 1193 1079 -ernm
1215 1024 1325 1079 Christo

792 1094 904 1161 pastore
917 1093 1070 1162 regendum
1083 1093 1139 1148 Pel.
1150 1106 1176 1147 sa
1187 1094 1233 1160 (cs.
1243 1093 1325 1164 prim.

793 1177 831 1216 are
855 1162 947 1224 ovile).
984 1180 1083 1242 corpus
1101 1163 1173 1230 Apa.
1190 1176 1237 1218 aro.
1260 1163 1325 1218 Abr.

792 1232 817 1292 9,
830 1246 849 1284 e.
888 1248 924 1285 ne
949 1231 1059 1286 itineris
1086 1232 1235 1311 asperitas·
1250 1235 1325 1311 secet

793 1300 1326 1450 5555555555

792 1452 838 1491 sos.
875 1438 979 1492 obsrdre
1001 1454 1074 1493 -eros
1097 1441 1216 1493 insontis
1242 1443 1325 1493 strin-

792 1522 858 1575 gere
875 1524 973 1562 nervos
991 1508 1048 1562 Pel.
1057 1520 1096 1562 nu
1111 1512 1158 1577 (cs.
1171 1525 1194 1562 5.
1203 1522 1242 1562 m
1260 1525 1326 1577 pue-

792 1593 853 1628 rum
872 1575 1026 1646 decorum);
1047 1593 1134 1630 eram
1147 1577 1233 1644 prolis
1250 1593 1326 1631 men·

792 1647 851 1698 tem
886 1646 949 1698 Bos.
975 1660 1008 1698 u.
1060 1645 1176 1699 affectus
1212 1645 1324 1713 (cordis)

796 1713 908 1781 slbeopls.
918 1730 951 1769 ar.
970 1716 1037 1782 Apa.
1050 1731 1082 1768 11.
1112 1714 1236 1782 (mentis)
1248 1730 1327 1769 nmor

796 1781 912 1850 Tlaopli.
925 1798 971 1838 are.
990 1784 1055 1836 Bas.
1068 1799 1101 1837 55.

193 1855 265 1913 11.ι.
292 1854 384 1905 tecum
397 1851 503 1919 pariter
522 1853 627 1906 -amad
641 1853 732 1907 cubile
759 1852 863 1920 tenere]
900 1853 972 1908 Gall.
1006 1869 1023 1905 5
1053 1851 1194 1906 Bantiano
1224 1851 1326 1906 comite

191 1920 260 1975 Abr.
270 1923 295 1987 6,
301 1935 321 1974 5.
346 1921 374 1973 in
385 1920 481 1973 aedem
492 1922 563 1987 Apa.
574 1934 620 1976 555.
645 1922 731 1984 ebat,

191 2007 251 2058 quo
269 2006 299 2043 se
315 2007 414 2057 magus
431 1990 472 2043 ire
489 1989 606 2044 iubebat
622 1991 685 2045 Bae.
698 2006 730 2045 ee.

191 2075 252 2127 qno
271 2057 332 2112 -itis
351 2062 409 2112 tem
429 2059 544 2113 anheli?
572 2059 654 2114 Dulc.
669 2062 731 2125 13,ι

192 2128 241 2195 (cf.
261 2127 346 2193 Pasa.
362 2131 386 2192 4,
397 2128 430 2195 5).
465 2129 501 2182 ad
530 2128 645 2197 pietatis
668 2147 732 2198 por·

192 2203 265 2261 tum,
284 2197 321 2250 nd
339 2213 368 2250 se
387 2199 478 2250 -enbcs
496 2196 546 2266 qui
564 2198 655 2253 salvos
673 2217 732 2253 sus·

192 2266 267 2335 cipit
285 2282 381 2320 omnes
401 2266 467 2319 Bas.
481 2281 527 2320 raa.
563 2285 591 2321 -o
614 2267 650 2320 ad
669 2268 732 2322 bra·

192 2335 273 2389 vium
299 2336 477 2389 aeternitatis
504 2335 569 2404 Sap.
587 2339 654 2399 5,1³
684 2339 699 2403 (
711 2337 732 2402 f.

192 2407 220 2472 5,
231 2419 257 2458 ao
275 2404 311 2457 ad
324 2405 500 2473 praemium).
529 2421 585 2458 non
598 2404 733 2475 dignatur

192 2491 259 2596 {um
268 2474 364 2596 paussis
374 2473 411 2527 ad
422 2473 569 2594 interitfium
582 2476 731 2598 -ergdPnfsa

212 2558 265 2607 ,aa
297 2560 315 2595 u
341 2560 496 2607 tanen-0,
533 2559 620 2597 neme
691 2561 732 2599 ro-

194 2612 260 2665 vide
273 2628 348 2680 pono
366 2613 412 2679 (55.
425 2611 574 2680 metendo)
590 2619 654 2681 5555.
668 2563 731 2675 rpem

193 2696 340 2735 ascensum
358 2681 509 2748 graduum,
534 2697 583 2749 per
608 2700 678 2751 quos
696 2682 732 2736 ad

214 2749 317 2804 atriam
354 2753 419 2803 ·nnt
449 2767 571 2804 remeare
606 2751 730 2807 relictam

229 2834 271 2871 ar.
287 2834 332 2873 sio.

155 2888 318 2968 tendiculae
346 2889 497 2942 multorum
526 2906 581 2942 non
607 2889 732 2945 devitare

157 2962 488 3094 tedgblrvdgfsbebtnbbtisss
502 3025 576 3079 Mor.
589 3042 635 3082 555.
651 3027 731 3094 prim.

195 3111 234 3150 res
261 3095 308 3164 (cf.
327 3111 350 3149 5.
363 3096 421 3163 aaa).
458 3099 610 3149 nocturnae
637 3096 670 3162 (s.
688 3099 730 3166 a).

195 3163 297 3218 solitae
314 3170 379 3234 qest.
392 3180 430 3219 555
455 3164 500 3230 (cs.
518 3181 539 3217 v.
553 3166 614 3233 555);
641 3167 732 3234 requi-

194 3249 265 3297 rere,
289 3233 311 3288 si
331 3237 398 3287 tunc
417 3234 536 3303 eclypsis
555 3237 649 3301 posset
667 3252 731 3290 con·

193 3303 294 3357 sistere
316 3303 389 3357 solis.
425 3307 470 3356 ast
493 3302 541 3357 nbi
560 3320 616 3358 non
634 3304 731 3359 solitas

193 3372 284 3425 sensit
312 3388 411 3440 magus
442 3388 499 3426 esse
529 3389 572 3425 -as
600 3372 684 3427 Dion.
707 3391 729 3429 11

194 3443 244 3510 (cs.
265 3458 287 3494 5.
307 3443 352 3510 ιι).
397 3442 513 3496 carceris
536 3442 565 3495 in
589 3458 632 3495 -as
657 3443 731 3498 vinc-

194 3514 257 3564 tum
287 3509 464 3576 submergere
493 3511 588 3579 nigras
615 3511 671 3567 Pel.
694 3527 731 3568 rar

192 3579 240 3646 (cs.
252 3595 276 3634 ιι.
291 3595 334 3634 res.
355 3579 439 3632 Dion.
454 3596 490 3635 iso
509 3579 626 3634 carceris
640 3580 669 3634 in
688 3598 731 3635 -as

192 3651 292 3716 atras).
339 3648 489 3703 continuae
519 3649 592 3704 Mor.
613 3665 652 3705 555
688 3650 731 3717 (de

189 3717 342 3786 spelunca).
390 3718 482 3772 locum
517 3721 629 3787 turpem
660 3720 731 3775 miro

193 3786 343 3910 {pltendore
357 3786 516 3910 mrimtjm'
528 3788 563 3911 -iqs
575 3788 625 3856 qui
639 3789 730 3843 sorde

214 3873 233 3910 5
284 3872 432 3910 nusarrs
515 3872 584 3920 .ιι;
608 3873 729 3913 errorum

192 3873 730 3995 angrorumdiscinrffienigmlaon.

192 4010 232 4050 ιι5
255 3995 302 4064 (cf.
317 3993 461 4062 Tbeoplra
479 3998 575 4075 atras).
610 4013 673 4051 oum
695 3997 731 4051 -is

192 4063 264 4119 loeti
288 4064 481 4118 succumberet
503 4066 572 4118 atris
594 4066 667 4120 Mar.
684 4082 730 4121 us.

794 1923 888 1974 tentus
924 1921 1155 1990 (seetycnommen)
1193 1919 1264 1974 Gali
1299 1921 1326 1975 II

792 1989 855 2055 4‚1;
886 1990 963 2054 urbs,
994 2007 1078 2058 quam
1106 1989 1175 2044 satis
1197 1989 1328 2059 Hispanii

793 2058 897 2112 cultam
922 2076 999 2114 uere
1022 2059 1113 2113 coloni
1137 2058 1194 2112 Pel.
1209 2074 1242 2113 ιι.
1278 2076 1328 2112 nu·

793 2128 868 2182 mine
891 2132 992 2183 cuncta
1016 2144 1077 2207 ens
1095 2127 1269 2207 imperioque
1287 2144 1329 2182 re·

793 2196 1246 2346 555955555555
1264 2212 1329 2332 re

794 2336 837 2400 (cs.
850 2353 872 2389 a.
880 2351 905 2390 15
923 2336 1047 2390 culmina
1059 2337 1158 2406 regni).
1186 2337 1327 2406 sceptrum

795 2405 853 2460 Pel.
871 2419 904 2459 55.
921 2420 968 2460 nos.
996 2407 1068 2475 Apa.
1083 2420 1122 2460 555
1138 2405 1241 2474 (caeli).
1263 2410 1328 2475 past.

794 2487 839 2527 sea
868 2474 1023 2543 producite,
1042 2475 1155 2543 milites,
1193 2473 1328 2539 reducite,

793 2560 863 2611 quas
890 2544 956 2598 etis
983 2544 1014 2597 in
1040 2559 1150 2599 carcere
1244 2543 1327 2606 .2,1;

793 2628 844 2666 nec
864 2614 963 2668 mortis
981 2613 1081 2667 vinclis
1099 2630 1128 2667 se
1146 2629 1227 2683 posse
1245 2612 1329 2667 -erier

793 2682 862 2735 artis
879 2698 933 2737 555.
947 2697 979 2737 ιι.
1010 2681 1160 2737 memoriae
1177 2681 1262 2737 fixum
1281 2697 1327 2736 -eo

798 2749 867 2804 Gall.
884 2753 907 2815 l,
921 2767 939 2805 5.
976 2750 1058 2806 corde
1077 2767 1137 2806 -ens
1156 2751 1253 2805 matris
1271 2767 1328 2805 mo·

793 2819 885 2873 nitum
897 2822 938 2887 (at
949 2819 982 2886 cf.
992 2819 1067 2888 aad.)
1079 2819 1195 2875 claustri
1205 2819 1327 2873 faciendi

788 2889 871 2956 prim.
889 2905 923 2943 er.
959 2905 1016 2943 non
1042 2905 1071 2943 se
1098 2888 1139 2943 sic
1165 2887 1247 2942 corde
1270 2903 1327 2943 -ere

792 2955 1328 3027 pacmmosceroenidcsooemmm

783 3027 896 3096 pemeint
912 3026 977 3094 hal).
1008 3030 1100 3082 tecum
1112 3024 1200 3080 facias
1212 3025 1322 3079 firmare

793 3095 907 3149 -endum
920 3095 1018 3150 foedus
1029 3101 1094 3166 qast.
1104 3109 1163 3148 5155.
1181 3097 1214 3149 ut
1226 3095 1326 3149 summi

792 3165 932 3234 pontificis
958 3165 989 3234 (ι’.
1006 3182 1027 3219 5.
1051 3164 1106 3233 aa)
1134 3179 1229 3218 euram
1256 3166 1328 3218 -eret

793 3234 875 3289 ovilis
900 3233 1019 3304 Theoplr.
1035 3248 1068 3290 ss.
1103 3232 1178 3302 quod
1201 3234 1275 3287 -etnr
1296 3233 1327 3286 in

793 3303 874 3359 corde
886 3303 951 3357 Aba
961 3305 985 3369 6,
997 3320 1016 3359 ι.
1041 3302 1109 3358 licet
1119 3300 1232 3372 imperii
1244 3301 1327 3356 -earis

792 3372 963 3427 sollicitandi
989 3389 1056 3428 cura
1082 3376 1146 3440 prat.
1164 3371 1234 3439 prol.
1251 3371 1327 3435 Qec.

792 3443 962 3511 speluncam,
985 3458 1068 3511 quam
1087 3440 1239 3496 continnae
1256 3457 1327 3496 sem-

792 3528 844 3581 per
866 3527 943 3566 -uere
967 3511 1100 3568 tenebrae
1117 3509 1194 3564 Mar.
1207 3525 1254 3567 555.
1290 3526 1327 3565 55

792 3582 869 3635 vitae
886 3580 951 3635 libri
963 3581 1117 3650 mortisque
1129 3581 1225 3634 -entur
1236 3579 1328 3649 aperti

794 3649 903 3706 [51555.
946 3651 1062 3721 stirpem
1088 3649 1188 3715 talem,
1213 3647 1325 3717 qualem

792 3735 1041 3858 §recuteret
1054 3719 1327 3841 {repletura

793 3858 868 3913 Mar.
891 3873 937 3911 rso.
972 3874 1055 3926 quem
1081 3855 1200 3910 tradunt
1225 3870 1328 3908 nomen

793 3927 879 3982 uisse
891 3926 922 3992 (i.
934 3942 956 3981 a
968 3925 1102 3994 labaim)
1114 3922 1236 3979 loaehim
1252 3921 1326 3976 Mor.

793 4010 826 4051 ss.
862 3998 944 4050 tantu
969 3995 1013 4050 sui
1037 4010 1122 4050 eausa
1149 3991 1225 4061 quod
1248 4007 1327 4047 uere

793 4065 824 4131 (i.
841 4064 1065 4132 cananaeam)
1082 4062 1158 4117 bona
1176 4059 1265 4130 0555.
1279 4074 1326 4115 ιιι.

192 4133 295 4202 egipti
318 4150 360 4187 -55
384 4150 435 4202 pro
456 4133 498 4187 ria
520 4151 577 4202 quo
598 4134 661 4190 luce
684 4152 730 4190 ve·
758 4132 928 4203 teneritudo]
959 4151 1001 4202 eo,
1030 4131 1105 4202 quod
1132 4146 1236 4194 vereor,
1266 4130 1327 4185 eius

192 4205 287 4257 tustas
318 4219 383 4256 mox
412 4151 567 4257 ilfbstraret
597 4205 671 4258 Mor.
693 4220 728 4260 ror

192 4270 260 4324 adn.
292 4269 439 4341 (diabolas)
457 4272 585 4342 princeps
603 4277 730 4329 aeterna·

192 4358 256 4396 rum
275 4344 386 4395 constat
404 4358 495 4395 -arum
513 4341 580 4396 Bas.
593 4358 626 4397 55.

791 4202 931 4270 (Thaidis)
958 4203 1044 4258 inem
1066 4217 1150 4270 aegre
1172 4200 1244 4255 ferre
1264 4198 1327 4254 din·

792 4273 883 4327 tinum
896 4271 1018 4328 laborem
1031 4270 1197 4342 15155105.
1221 4268 1328 4325 vincite

792 4340 931 4396 infantilis
957 4343 1044 4398 -inem
1062 4339 1204 4397 aetatulae
1222 4338 1327 4395 matari
