2910 5024
520 322 781 379 uuo'rsvi'rflnt:
800 320 932 377 OPERA.

307 497 368 561 His
391 518 450 560 rex
474 496 658 580 compertis,
683 516 725 559 ex
748 495 966 581 prosperitate
990 492 1098 561 tidelis

266 586 424 649 laetatus
446 583 556 668 prolis,
579 588 649 645 tota
672 579 843 646 dulcedine
866 582 985 645 mentis

264 671 357 734 Haec
379 670 425 734 illi
448 668 582 732 mandat-
604 668 730 754 scriptis
754 668 911 751 extimplo
935 667 1096 731 remissio:

157 785 209 825 1145
266 757 314 820 ‘ln
339 756 480 819 saeclum
505 755 602 818 saecli
625 762 756 817 maneat
779 754 849 817 laus
873 754 1101 839 omnipotenti,
1240 776 1290 811 on·

269 843 332 916 Qui
357 841 447 905 dedit
469 842 501 904 in
525 841 622 903 tantis
644 846 746 903 temet
769 838 913 924 gaudere
936 838 1101 919 secundis,

267 930 384 993 Grates
408 926 514 1011 adque
538 926 596 990 tibi
619 926 745 1007 dentur,
768 926 938 990 karissime
960 926 1017 1005 fili,

268 1016 373 1088 (Quem
397 1020 544 1077 constare
569 1010 700 1096 quidem
722 1013 851 1098 ponitus
873 1032 1038 1097 cognosco
1061 1011 1205 1091 fidelem,

268 1101 358 1164 liant
381 1099 519 1163 obscura
542 1108 617 1162 tuae
641 1097 716 1161 fidei
741 1100 816 1183 quia
838 1100 931 1183 signa
954 1096 1086 1177 dedisti,

268 1186 349 1249 Cum
373 1206 432 1270 per
455 1192 487 1247 te
510 1205 648 1268 regnum
671 1185 803 1269 cupiens
826 1204 1006 1268 augescere
1031 1194 1176 1249 nostrum
1238 1206 1316 1265 m,

268 1272 410 1357 Signasti
433 1272 526 1335 nobis
550 1271 671 1355 proprii
696 1270 794 1335 decus
817 1290 913 1335 omne
936 1269 1070 1335 laboris.

267 1359 353 1422 ilinc
376 1378 439 1440 ego
462 1364 638 1441 gratanter,
662 1377 745 1441 quae
769 1357 873 1421 iecisti
895 1356 1072 1442 sapienter,

267 1445 450 1528 Accipiens,
473 1444 543 1507 vice
567 1463 723 1506 conversa
745 1442 906 1527 condigna
929 1442 1089 1527 rependo,

268 1530 341 1594 Hoc
364 1532 533 1629 ipsumque
558 1529 616 1593 tibi
639 1549 774 1613 regnum
797 1530 964 1593 committo
987 1529 1181 1615 regendum,

267 1618 407 1701 imperio
432 1614 525 1679 subdi
549 1620 659 1678 nostro
683 1613 770 1699 qnod
793 1616 1002 1689 constituisti3
1233 1640 1276 1677 nm

269 1702 504 1785 Praecipioque
528 1700 585 1764 tibi
608 1701 712 1777 iussis,
736 1700 865 1781 dilecte,
888 1702 1045 1784 patemio,

269 1788 324 1868 Ut,
348 1808 442 1872 quem
467 1787 587 1850 victrici
610 1788 764 1871 populum
789 1787 906 1851 dextra
929 1788 1104 1871 superasti.

268 1874 339 1937 Aba
363 1894 403 1935 ne
427 1894 518 1935 mora
541 1882 648 1935 tecum
671 1873 771 1936 facias
794 1873 922 1937 firmare
945 1872 1125 1937 tenendum

271 1895 413 2039 Foedus,
437 1980 509 2022 cnm
534 1959 712 2022 iuramento
737 1966 891 2023 structum
914 1958 1119 2024 metuendo.'

161 2072 211 2112 uso
267 2045 361 2109 Haec
386 2045 452 2107 dux
474 2044 644 2107 Lindulfus
668 2044 802 2108 decreta
824 2046 937 2129 legens
959 2044 1174 2115 venerandus.
1238 2064 1271 2099 ⁴¹³·

268 2131 402 2195 Laetior
424 2152 465 2194 ex
489 2129 682 2193 rnandatsiis
704 2138 815 2195 tautae
838 2132 980 2215 pietatis,

270 2218 379 2280 Iussus
403 2238 474 2280 cum
497 2217 678 2280 iuramento
702 2217 819 2301 religat
841 2216 902 2281 sibi
925 2218 1019 2281 tirmo

269 2302 323 2366 Ad
345 2303 445 2387 patris
469 2303 657 2387 obsequium
682 2304 837 2387 populum
861 2303 960 2389 digne
983 2302 1219 2369 moderandum.

311 2388 372 2452 His
395 2390 480 2453 benc
505 2387 677 2473 dispositis,
701 2409 826 2452 summo
853 2410 925 2454 cum
949 2388 1086 2454 foedere
1108 2390 1193 2475 pacis
1306 2470 1310 2479 ι

161 2501 209 2539 nc
266 2474 394 2539 Ardens
417 2475 560 2538 absentis
583 2474 700 2538 taciem
722 2476 878 2540 meruisse
901 2478 1058 2559 parentis,
1227 2486 1313 2535 aaut*

270 2561 424 2645 Coniugis
448 2569 481 2623 et
504 2561 605 2624 karae
629 2559 714 2624 dulci
738 2560 883 2626 devictus
906 2582 1019 2627 amoro

269 2649 318 2710 Ac
341 2647 439 2731 prolis
461 2647 612 2730 geminae
635 2648 733 2731 longe
756 2668 816 2733 pos
839 2655 932 2731 terga
955 2648 1103 2719 relictae.

271 2733 481 2797 posthabitae
504 2733 585 2796 fines
607 2734 732 2817 patriae
754 2733 877 2818 placuit
898 2732 1071 2820 repedare,

269 2824 341 2891 tino
365 2826 438 2903 post
461 2819 549 2883 exilii
571 2818 698 2902 pondus
720 2820 851 2883 nimium
874 2839 975 2904 grave
999 2820 1072 2885 duri

162 2930 211 2969 nro
267 2906 385 2969 Posset
408 2904 667 2990 quondoquidem
691 2907 816 2990 patriae
840 2914 973 2992 captare
997 2908 1149 2993 quietern.
1229 2924 1274 2963 «aa

270 2992 378 3075 thue
402 2992 490 3055 celer
512 2992 644 3054 morulis
666 2991 748 3055 haec
771 2992 923 3076 impleret
944 2992 1014 3057 sine
1037 2994 1168 3071 cunctis,

271 3076 343 3140 Non
366 3078 429 3140 itcr
452 3086 597 3161 optatum
621 3075 747 3161 pondus
770 3078 947 3143 tardaverit
968 3079 1082 3159 ulium,

271 3163 440 3227 collectim
463 3164 610 3248 proprias
634 3164 724 3227 iussit
746 3165 956 3250 praemittere
979 3186 1089 3251 gazas,

271 3250 374 3333 ipsius
398 3264 430 3313 ct
453 3249 570 3313 faciem
593 3250 721 3313 turbam
744 3249 944 3337 praecedere
968 3258 1082 3333 totam,

164 3359 212 3397 nu
270 3338 374 3407 Quam
398 3336 474 3398 belli
500 3356 597 3398 causa
620 3356 729 3399 eccum
753 3334 936 3401 deduxerat
958 3336 1025 3417 ilio,
1237 3346 1273 3393 ut

271 3420 477 3497 Promittons,
501 3422 616 3505 ipsum.
640 3422 706 3484 vita
730 3424 916 3501 comitante,
940 3422 1083 3487 futurum

272 3506 323 3567 Ad
347 3506 427 3570 fines
450 3508 576 3592 patriae
600 3509 695 3593 spatii
718 3518 793 3592 post
815 3516 962 3595 tempora
985 3512 1088 3595 parri.

270 3592 342 3653 Hoc
367 3613 493 3676 quoque
518 3594 660 3657 melliflui
683 3596 792 3659 verbis
815 3596 1001 3679 signaverat
1023 3597 1098 3675 oris,

273 3678 307 3739 in
332 3680 401 3762 quis
426 3680 575 3745 castellis.
600 3682 631 3743 in
655 3681 725 3765 quis
748 3681 913 3765 voluitque
936 3681 1063 3747 locellis

919 3802 972 3809 -.—
1027 3788 1269 3811 -ss-ss--fl'

249 3864 316 3917 1145
329 3870 358 3916 lu
371 3866 487 3917 suculam
500 3868 580 3917 sconii
593 3866 633 3917 Ji:
645 3868 747 3919 correxi
751 3886 760 3925 ,-
771 3870 807 3934 cf.
818 3884 914 3935 appar.
927 3868 965 3919 ad
975 3866 1049 3923 Mor.
1057 3872 1107 3921 otu
1163 3860 1268 3929 116ῧρ-

161 3936 213 3984 unit
233 3936 353 4001 repedare
372 3936 397 3985 iu
417 3953 470 3985 rur.
490 3951 522 3985 ra.
537 3941 550 3985 1
568 3936 611 3995 .i!,·
630 3940 664 4002 rs.
683 3956 704 3987 r.
720 3940 769 3987 668
786 3946 810 3987 rt
824 3936 894 4003 prol.
908 3940 933 4001 2,
944 3942 978 3989 at
1066 3934 1133 3989 lt'tt
1147 3938 1204 4001 sort.
1217 3932 1267 3983 Μ’

161 4008 195 4067 rs.
216 4005 267 4054 incl.
290 4016 359 4054 nictu.

162 4096 219 4105 --

250 4158 316 4207 llio
339 4162 373 4223 cf.
390 4167 450 4222 pm.
468 4162 519 4207 rra.
627 4156 693 4208 1152
714 4164 749 4223 cs.
764 4168 826 4225 year.
839 4164 896 4211 nm.
1004 4159 1072 4213 1164
1080 4180 1132 4229 ιη.
1150 4162 1182 4225 es.
1197 4148 1265 4207 Η

159 4240 186 4285 p.
201 4232 297 4289 ndttaq.
387 4225 452 4276 liiii
475 4228 572 4276 <raonis
589 4236 612 4276 ct
630 4226 767 4278 tractetur·
784 4227 831 4293 (cs.
851 4226 944 4279 M.
959 4248 988 4295 p.
1002 4230 1092 4295 Μ’).
1174 4220 1228 4279 iiii
1238 4218 1265 4283 ‘i-

167 4290 258 4343 let-tet.
278 4294 368 4345 ttulit.
385 4300 447 4345 itta'a‘
463 4296 516 4345 vita
533 4298 671 4347 coruitautc
689 4297 793 4347 domum
810 4298 831 4347 ai
850 4314 946 4351 venem
963 4308 1060 4353 munt.
