2910 5024
548 378 602 432 13.
624 377 781 446 Gonqolsas.

202 551 284 615 Post
305 549 388 614 baec
411 571 476 613 non
499 572 571 616 raro
592 552 767 616 visitabant
790 571 863 614 ossa
885 560 1021 636 sacrata,

248 636 452 710 Quaerentes
476 646 599 701 certum
623 638 762 722 denique
785 639 994 723 praesidium:

204 722 398 789 Sternuntur
420 744 511 787 sacro
534 745 704 809 procerum
728 745 855 809 quoque
879 747 1014 809 corpora
1036 729 1131 793 busto

250 811 313 874 Pro
337 812 424 874 vitae
448 812 552 874 causis
575 811 732 875 instabilis
754 813 867 883 variie;

202 901 273 977 Ast,
298 898 353 981 qui
375 905 504 981 sceptra
526 899 620 981 gerit,
643 904 823 983 prostratus
846 918 1006 962 marmora
1028 901 1142 965 lambit

247 982 291 1046 Et
312 984 394 1047 libat
417 984 540 1047 tumulo
564 985 673 1049 oscula
696 1005 889 1065 marmoreo,

202 1069 338 1133 Munere
361 1089 420 1154 spe
444 1069 536 1134 dictis
558 1072 711 1155 rogitans,
736 1092 798 1155 quo
822 1071 959 1135 martiris
981 1071 1057 1135 almi

247 1155 312 1219 Pro
335 1158 458 1220 meritis
481 1154 625 1221 Christus
648 1159 689 1221 sit
711 1157 773 1221 sibi
795 1158 961 1243 propitius.

205 1308 292 1383 Quid
314 1310 454 1374 referam
477 1310 604 1374 turbam
628 1311 741 1397 templi
764 1332 822 1395 pro
845 1312 955 1376 limine
978 1313 1105 1394 iactam,

248 1394 375 1469 Quidve
397 1398 513 1480 loquor
534 1404 609 1461 vota
631 1398 716 1461 illius
738 1398 923 1461 innumera?

204 1482 299 1547 Haec
322 1489 410 1547 certe
432 1484 538 1547 nullus
560 1485 645 1568 potis
668 1491 718 1548 est
740 1484 961 1569 conprendere
985 1506 1097 1549 sensus

248 1569 317 1633 Nec
341 1577 475 1654 possunt
497 1571 583 1634 ullae
607 1569 714 1635 dicere
736 1570 909 1635 littemlae.

205 1656 252 1719 At
274 1665 385 1719 contra
406 1677 485 1720 vero
510 1658 600 1720 testis
622 1658 856 1743 prosperrimus
878 1660 955 1743 ipsis

248 1742 399 1826 Largitur
421 1743 494 1806 talis
517 1764 652 1807 munera
675 1743 862 1823 dulcedinis,

206 1828 319 1892 Omnis
341 1837 377 1893 ut
399 1829 522 1914 absque
546 1851 636 1894 mora
657 1833 765 1912 sentit,
789 1832 857 1894 iore
881 1851 1038 1915 prospera
1060 1839 1184 1914 cuncta,

247 1915 439 2000 Efflagitant
461 1923 580 1980 testem
603 1939 660 2002 pro
685 1918 799 2002 quibus
823 1918 1004 2000 egregium:

202 2000 267 2065 Hic
290 2011 378 2066 certe
402 2004 488 2066 laeto
513 2023 628 2067 caecus
650 2005 720 2067 visu
742 2011 892 2088 reparato

247 2088 366 2152 Haurit
388 2110 465 2153 mox
489 2091 589 2153 oculis
611 2091 731 2153 lumina
755 2091 841 2153 clara
863 2091 938 2168 suis,
1051 2120 1053 2123 ·

203 2174 312 2260 Atque
335 2175 390 2238 diu
412 2175 541 2240 clausae
563 2183 750 2240 reserantur
772 2176 903 2240 vocibus
926 2196 1030 2258 aures,

247 2260 289 2325 Et
312 2283 440 2344 gressus
463 2264 580 2348 plantis
602 2262 747 2327 redditur
770 2262 933 2336 invalidis;

202 2347 266 2411 Hic
290 2369 418 2433 quoque
443 2348 484 2412 de
506 2351 603 2412 variis
625 2350 755 2414 morbus
779 2349 953 2434 depellitur
975 2350 1091 2433 aegris,

246 2432 410 2499 Mundatis
432 2436 585 2500 membris
609 2435 747 2520 denique
770 2436 972 2519 languidulis.
1226 2451 1273 2517 sot.
1287 2453 1336 2501 37¹

205 2519 295 2584 Orsis
318 2542 383 2585 non
405 2523 499 2585 valeo
524 2523 620 2606 digne
644 2524 811 2609 praeclara
833 2542 965 2586 monere

247 2606 392 2686 Munera,
416 2629 500 2693 quae
523 2610 662 2694 populus
683 2610 735 2672 hic
758 2610 851 2672 metit
873 2610 1033 2693 egregius.

204 2691 274 2757 Nec
297 2694 399 2757 solum
423 2697 489 2759 cari
511 2696 697 2759 refoventur
720 2716 830 2759 amore
852 2698 990 2779 patroni,

249 2779 328 2850 Quis
351 2782 437 2844 cives
461 2783 541 2846 tanti
564 2784 699 2866 contigit
722 2803 792 2846 esse
816 2783 888 2855 viri;

207 2865 275 2928 Sed
296 2869 418 2951 pariter
441 2871 533 2932 terris
556 2868 739 2933 habitantes
763 2871 846 2932 iortc
869 2869 1002 2933 remotis

252 2952 436 3018 Sentiscunt
458 2961 618 3039 promtum
642 2957 779 3018 martiris
802 2955 967 3019 auxilium.

205 3038 290 3102 Hinc
313 3061 348 3104 se
372 3042 498 3105 felicem
523 3043 622 3106 iactat
645 3043 707 3105 Tul
729 3048 815 3106 terra
837 3063 896 3127 per
919 3041 1041 3119 orbem,

250 3123 342 3198 Quae
366 3128 455 3192 molli
478 3130 601 3213 gremio
626 3130 777 3192 confovet
799 3150 873 3191 ossa
896 3149 995 3191 sacra.

208 3278 357 3364 Denique
382 3284 564 3346 summatim
588 3283 682 3367 coepi
705 3283 780 3367 quia
802 3288 935 3360 tangere
960 3280 1060 3344 sancti

250 3364 401 3451 Gongolfi
424 3369 510 3432 lacta
532 3371 671 3433 martiris
694 3369 837 3452 egregia,

204 3451 331 3535 Restat,
354 3461 390 3517 ut
412 3457 500 3519 tenui
523 3464 671 3539 repetam
694 3475 842 3519 sermone
865 3453 1023 3517 misellam

250 3538 340 3603 Illius
362 3542 527 3626 indignam
550 3543 699 3626 coniugio
723 3562 872 3625 ganeam,

209 3626 368 3711 Quodque
393 3627 484 3692 dedit
506 3630 631 3713 signum
654 3630 769 3692 merito
793 3625 997 3712 dampnanda
1020 3626 1148 3690 baratro

249 3712 355 3777 Inrita
377 3717 514 3800 propriis
537 3717 731 3780 conveniens
753 3715 885 3778 meritis.

182 3919 236 3974 498
255 3924 360 3990 dinique
378 3924 410 3974 M
504 3922 553 3976 501
574 3921 630 3991 Ast]
649 3928 683 3991 cs.
702 3925 756 3975 ind.
775 3933 846 3976 mab.
942 3921 994 3975 503
1010 3923 1086 3974 almis
1103 3921 1230 3980 Bartsch:

90 3993 127 4058 cs.
153 3991 238 4058 Gonq.
256 3996 304 4044 192
407 3991 459 4046 508
480 4002 575 4060 posunt
591 3994 623 4044 M
724 3992 775 4045 509
798 3994 970 4060 prosperimus
988 3993 1021 4042 M
1120 3991 1173 4043 512
1198 3994 1231 4043 Et

147 4061 262 4112 ‘tantM
327 4061 379 4113 514
397 4063 673 4115 fulminaMecorrerri
742 4062 793 4115 516
805 4063 947 4114 blantisM
1012 4057 1062 4113 517
1075 4061 1231 4113 moribundi

90 4129 124 4182 51
163 4148 270 4183 mouere
288 4131 322 4181 Μ
389 4129 439 4183 521
459 4136 607 4184 resonantur
625 4135 781 4185 0010101101-
799 4150 866 4184 corr.
885 4132 928 4182 Μι
998 4130 1049 4183 531
1067 4133 1186 4197 Quotque
1199 4130 1234 4180 Μ

182 4302 353 4356 5051001011
376 4306 393 4356 i.
410 4322 431 4357 0.
454 4307 582 4358 iaceutcrr.
662 4302 713 4356 526
735 4307 770 4372 cf.
789 4305 872 4356 Pntd.
894 4304 1086 4369 stcpb.11,138
1110 4305 1230 4356 canitiem

93 4375 168 4425 molli
186 4376 308 4426 confovet
324 4375 352 4426 in
370 4376 475 4442 gremio.
562 4371 612 4426 {W
630 4377 665 4441 cf.
684 4374 755 4425 Mor.
768 4377 806 4426 21.

148 4461 338 4512 anrsvrrnn
355 4474 447 4512 ortas.
1060 4458 1078 4511 4
