2910 5024
577 378 632 435 15.
655 378 681 433 Τ
680 377 827 448 heoplrihss.
1237 383 1270 438 71

241 551 337 617 Hunc
361 570 403 615 ne
427 549 524 614 deum
547 570 659 614 verum
681 571 808 617 necnon
829 551 994 617 hominem
1016 553 1086 619 fore
1108 557 1241 642 plenum

242 638 315 704 Non
339 573 464 717 dubito,
486 638 587 700 nostri
610 658 708 702 causa
729 640 784 724 qni
805 640 939 725 pertulit
962 659 1041 725 ergo

240 725 429 812 Obprobriis
451 723 551 807 tangi,
574 724 740 815 colaphis,
751 725 854 810 alapis
877 745 1006 811 quoqne
1029 726 1132 810 caedi,

243 812 407 897 Sacraque
428 809 551 896 pulsari
574 811 695 876 crebris
717 831 776 875 sua
797 817 893 896 terge
915 813 1062 898 flagellis,

242 898 359 984 Adque
382 898 484 984 sputis
505 896 593 960 rutili
613 898 755 982 speciem
777 899 884 962 vultus
906 900 1075 975 maculari;

245 985 400 1070 Cumque,
423 989 595 1048 coronatus
617 985 717 1070 spinis
740 990 774 1049 et
796 985 874 1050 felle
896 991 1037 1072 potatus,

244 1070 334 1146 Quae
358 1091 449 1135 soora
472 1068 635 1155 praedixit
657 1072 824 1156 scriptura,
846 1092 907 1157 per
929 1092 1024 1136 omne
1047 1074 1195 1159 replevit,

242 1157 419 1239 Postremo,
443 1157 542 1220 sacris
565 1158 716 1242 expansis
738 1159 770 1221 in
794 1178 888 1223 eruce
906 1159 1037 1308 palmis,
1265 1159 1313 1228 s0l·
1327 1162 1381 1214 ⁶³*

243 1243 310 1310 Oen
331 1251 444 1330 pastor
465 1263 561 1307 verus
582 1243 737 1308 bonitatis
758 1244 883 1309 honore
928 1265 1043 1310 ecorus

240 1329 304 1396 Pro
327 1330 423 1395 nobis
446 1331 587 1393 animam
609 1331 750 1395 moriens
771 1331 916 1417 ponebat
938 1330 1111 1396 amendam

238 1417 358 1503 Adqne
382 1416 621 1501 sepulchralem
644 1415 780 1502 dignans
803 1419 945 1503 suscepit
965 1418 1137 1490 honorem;

236 1502 324 1568 Hinc
347 1503 474 1568 inferna
495 1509 620 1589 petens,
646 1502 736 1568 erebi
759 1524 888 1590 quoqne
911 1505 1051 1569 claustra
1071 1503 1247 1580 resolvens,

235 1589 379 1655 Mortem
402 1589 572 1670 destruxit,
594 1591 708 1654 mortis
730 1597 921 1677 patremque
944 1592 1067 1677 ligavit,

237 1676 464 1761 Tartareoqne
487 1695 563 1739 snos
586 1677 685 1740 traxit
708 1674 749 1741 de
772 1697 903 1742 carcere
925 1679 1036 1757 iustos,

233 1764 289 1828 Ac
311 1764 358 1828 sic
379 1783 445 1827 non
466 1783 568 1849 parva
589 1764 692 1828 victor
714 1765 889 1828 comitante
912 1771 1044 1829 caterva

233 1849 294 1914 Ad
316 1869 452 1935 superos
473 1848 579 1930 rediit,
603 1849 768 1934 proprium
791 1870 972 1937 corpusque
995 1847 1155 1928 resumsit,

232 1935 336 2010 Quod
358 1935 419 2000 fuit
440 1936 473 2000 in
495 1935 591 2000 busto
614 1936 758 2000 clausum
782 1937 841 2002 snb
863 1957 1025 2002 marmore
1046 1952 1183 2019 magno;

234 2022 352 2087 Tertia
375 2042 472 2124 quem
493 2023 602 2086 rivum
625 2021 705 2086 vidit
726 2025 784 2088 lux
808 2044 903 2088 omne
926 2044 986 2110 per
1009 2041 1137 2102 aarum,

233 2109 463 2196 Discipnqune
486 2109 534 2172 sni
557 2108 671 2173 crebro
694 2108 806 2174 videre
828 2109 918 2174 beati

237 2196 255 2260 1
280 2217 352 2260 sum
374 2215 459 2260 nunc
481 2202 740 2274 convescentem,
763 2217 847 2261 nunc
869 2216 948 2282 ergo
969 2198 1157 2281 loquentem

236 2218 307 2347 Idu
330 2281 372 2346 de
395 2302 497 2368 regno
521 2280 606 2345 dulci
629 2302 777 2346 sermone
799 2283 925 2358 futuro;

239 2369 319 2433 Post
340 2368 434 2450 haec,
458 2369 602 2432 attonitis
625 2369 724 2433 oculis
747 2369 953 2435 cernentibus
974 2369 1062 2455 ipsis,

241 2455 358 2541 Ipsam,
382 2475 480 2541 qnam
502 2454 648 2540 sumpsit,
671 2476 800 2520 carnem
823 2477 921 2542 snper
942 2462 1029 2519 asna
1050 2457 1189 2536 libravit,

241 2543 278 2607 In
301 2561 367 2627 qua
388 2539 541 2606 iudicium
562 2540 673 2605 veniet
694 2542 861 2608 celebrare
885 2543 1027 2606 futurum

242 2628 370 2714 Proque
393 2629 460 2692 suis
481 2628 604 2692 meritis
625 2625 742 2692 reddet
763 2628 850 2693 bona
872 2630 924 2693 vel
947 2630 1034 2693 mala
1056 2629 1169 2694 cuntis.

243 2715 337 2779 Haec
357 2717 404 2780 ita
426 2713 613 2779 credentem
636 2713 805 2800 cordisque
828 2714 893 2780 fide
915 2716 1109 2781 retinentem

244 2802 351 2887 Atque
375 2802 421 2865 tui
445 2800 676 2887 deposcentem
699 2802 828 2866 solitam
850 2803 1018 2887 pietatem,

243 2886 442 2952 Commendo
464 2908 529 2968 me,
550 2888 653 2973 virgo.
677 2893 743 2969 tuo,
766 2890 975 2960 sanctissima,
998 2896 1075 2953 nato

242 2973 289 3038 lm
315 2981 449 3060 atraque
471 2980 527 3037 tuo
549 2975 678 3038 veniam
701 2974 822 3039 famulo
846 2975 1032 3039 sceleroso.²

319 3082 378 3126 aec
400 3061 457 3126 ubi
479 3061 638 3124 continuis
661 3059 793 3125 deflevit
813 3061 915 3125 verba
938 3061 1088 3147 querelis,

244 3145 362 3213 Sancta
384 3146 438 3212 dei
460 3148 611 3232 genitrix,
635 3146 817 3233 eademqne
839 3155 957 3233 potens
980 3146 1176 3212 dominatrix

245 3233 427 3316 Caelorum,
450 3232 559 3298 verbis
580 3233 781 3319 respondens
803 3233 915 3319 inquid
936 3235 1061 3298 amicis:
1267 3242 1376 3310 soloxr

139 3319 154 3358 ³
244 3320 394 3472 ‘Propter
415 3321 603 3406 mysterium
626 3321 709 3385 sacri
731 3320 934 3407 baptismatis
957 3321 1088 3402 almum,

139 3403 163 3447 *ὅ
244 3405 314 3480 Quo
360 3408 530 3492 suscepisti
552 3406 714 3472 credentis
736 3427 826 3472 more
849 3408 982 3494 popelli,

139 3492 174 3538 Μ
243 3491 284 3558 Et
305 3501 441 3581 propter
464 3493 591 3558 dulcem
614 3514 709 3557 caree
732 3495 793 3558 mis
816 3495 915 3594 prolis
938 3513 1091 3574 amorem,

242 3578 340 3646 Onina
362 3588 396 3645 te
418 3582 523 3667 pretio
547 3581 628 3645 sacri
651 3581 717 3645 scio
741 3582 905 3665 sanguinis
928 3581 1036 3667 amplo

144 3686 1269 3723 Χ---.--.--.-.-.-..---

220 3786 271 3840 304
287 3789 402 3840 dubitori
420 3789 500 3840 nostri
518 3788 591 3854 M¹p¹
680 3786 731 3840 309
749 3791 825 3840 omne
842 3788 904 3855 M¹p
990 3785 1042 3840 316
1060 3789 1220 3852 Tartaroque
1238 3784 1272 3836 M

143 3840 188 3911 317
202 3859 308 3911 resumit
325 3857 368 3908 M:
386 3858 488 3909 corrui
574 3854 626 3908 322
643 3874 713 3909 nnnc
730 3858 767 3909 εἰσ
784 3858 818 3908 Μ
892 3876 915 3909 u.
932 3854 985 3908 345
998 3864 1058 3922 post
1073 3873 1096 3907 v.
1115 3852 1167 3906 335
1183 3863 1273 3906 ίναηε-

139 3928 208 3988 aaut
224 3927 302 3991 (recte
318 3928 393 3979 vertit
405 3927 481 3995 Bais
495 3926 526 3978 de
545 3926 574 3976 lo
586 3927 729 3979 Bretoanc:
746 3925 823 3992 ‘pour
841 3927 977 3978 l’lsonneur
995 3927 1031 3977 ota
1048 3925 1170 3991 baptimo
1187 3923 1269 3986 εαονέ,

139 4002 195 4056 dont
210 3997 336 4063 rosque
355 3995 463 4064 myndre
477 3995 599 4061 imprime
615 3996 659 4048 des
673 3996 803 4048 Curetim
818 4013 849 4048 ea
866 3996 902 4048 toi
917 3996 941 4048 lc
955 3990 1106 4050 curoctdra’)
1114 4009 1124 4058 ‚·
1141 3993 1176 4061 ts.
1188 3990 1270 4044 Poals'

139 4070 230 4136 2212
249 4075 354 4134 proptor
371 4066 534 4133 baptismum,
553 4065 621 4130 qnod
639 4067 761 4133 accepisti
778 4083 823 4132 per
835 4066 919 4118 filium
935 4081 1022 4116 meum
1039 4067 1126 4116 Iesum
1137 4063 1269 4114 Christum

139 4138 264 4198 'ominum
282 4143 414 4201 nostrum,
433 4143 459 4185 et
475 4141 577 4202 proptor
595 4135 700 4186 nimiam
719 4135 934 4201 compassionem,
952 4151 1029 4200 qnam
1048 4134 1116 4185 circa
1133 4149 1180 4184 vos
1197 4132 1269 4184 curi·

139 4217 224 4269 [ignes
246 4207 332 4256 habeo
418 4202 470 4256 336
487 4205 523 4254 mi
541 4203 587 4268 M,·
604 4205 640 4270 cf.
663 4203 778 4268 Theoph.
790 4208 838 4256 216

210 4375 266 4431 317
286 4374 322 4439 cs.
342 4378 408 4428 Aca.
426 4375 451 4424 V
467 4378 503 4426 to.
588 4372 640 4426 324
657 4377 692 4442 cs.
710 4392 761 4428 occ.
775 4378 831 4428 123.
