2910 5024
160 314 212 369 180
525 312 784 368 naorsvlsnnn
802 311 932 369 OPERA.

8 486 88 575 [XII
103 485 136 573 5]
248 485 356 551 Tuus.
402 484 575 551 Outinam
601 505 747 551 mererer
791 505 890 550 oenas
912 484 1065 568 eradere,
1084 486 1091 571 Ι
1109 488 1164 553 rol
1190 488 1290 553 saltim

161 573 351 638 clementius
368 573 460 637 exuri
475 571 593 635 mitiori
607 572 696 655 igne!
717 573 723 654 Ι
774 593 816 636 on
831 578 882 636 est
897 574 983 639 enim
998 572 1062 638 hoo
1077 575 1144 639 mei
1159 576 1290 655 meriti}

160 665 197 724 ut
218 658 321 724 doner
341 657 542 723 beatitudine
565 657 827 735 interminabili!

10 782 73 832 paq.
84 767 144 816 aas.
247 745 429 811 Paruurrus.
474 743 656 808 Gratuitum
679 743 732 808 dei
747 744 867 809 donum
885 746 892 829 Ι
909 765 974 810 non
988 752 1107 831 pensat
1121 744 1291 811 humanm

161 832 322 914 meritum,
341 832 347 912 Ι
367 832 453 916 quia,
475 831 502 894 si
515 830 639 893 meritis
654 831 858 909 tribueretur,
877 835 883 913 Ι
902 832 1008 917 gratia
1021 852 1089 896 non
1103 830 1274 898 diceretur.
1315 848 1325 887 ⁵

117 920 137 982 6
244 917 352 983 Turis.
404 916 498 981 Unde
525 915 637 981 laudet
665 917 755 981 illum
784 919 867 983 oaeli
897 924 1072 983 oonoentns
1097 919 1292 1005 temnitque

161 1009 268 1069 terrae
295 1003 452 1082 surculus,
472 1006 478 1082 Ι
497 1022 624 1066 necnon
652 1004 821 1068 moereas
852 1004 998 1069 animalis
1024 1004 1155 1090 speeies
1172 1012 1180 1082 Ι
1198 1004 1354 1091 atqoeffli

162 1090 315 1155 confusae
338 1110 493 1174 aquarum
513 1089 667 1174 gurgites,
687 1093 693 1168 Ι
713 1090 788 1174 quia
808 1110 873 1155 non
896 1091 1000 1155 solum
1140 1098 1192 1157 tes
1213 1093 1293 1178 pati·

162 1183 224 1259 tur,
244 1176 249 1261 Ι
268 1175 327 1241 sed
350 1177 449 1240 etiam
494 1176 710 1240 oeuitentibus
732 1178 877 1262 praemia
899 1178 1000 1264 gretie
1095 1178 1169 1245 tur.
1188 1180 1195 1261 Ι

248 1262 429 1328 Possumus.
509 1282 547 1326 oo
575 1262 622 1325 illi
642 1263 817 1348 antiquitus
839 1263 900 1329 fuit
924 1266 959 1329 in
980 1284 1084 1347 more,
1102 1266 1108 1347 Ι
1127 1271 1166 1329 nt
1187 1264 1295 1329 mallet
1309 1286 1330 1325 u

160 1348 318 1430 misereri,
341 1368 438 1433 quam
459 1347 567 1412 ferire.
586 1351 592 1432 Ι

8 1552 149 1727 ΙΧξΙῙΠΙΙ
250 1601 356 1667 Tuus.
400 1601 476 1666 Noli
498 1601 603 1683 abira,
633 1607 727 1688 pater
748 1602 952 1686 venerabilis,
970 1604 977 1687 Ι
996 1603 1056 1670 sed
1083 1604 1200 1671 adeam
1222 1606 1294 1673 nni

164 1709 222 1776 pro
246 1689 366 1754 soleoio
389 1689 422 1752 in
443 1688 523 1752 hora
545 1708 640 1752 meae
664 1687 891 1755 dissolutIonis.
910 1692 917 1771 Ι

249 1774 429 1839 Possumus.
462 1773 536 1839 Non
551 1774 663 1859 abeo,l
678 1794 743 1839 non
755 1773 898 1857 diseede,
913 1776 918 1859 Ι
934 1774 1050 1858 donee,
1071 1778 1184 1843 anima
1203 1798 1296 1865 super

163 1861 277 1927 aethra
299 1858 485 1946 plaudente,
506 1869 511 1935 Ι
531 1881 647 1946 eorpus
669 1859 795 1925 tradam
816 1862 1012 1947 sepulturae.
1033 1867 1039 1944 Ι
1310 1880 1330 1919 ι’

120 1946 140 2008 2
250 1946 358 2011 Tuus.
402 1946 463 2029 En,
485 1948 603 2032 inoipio
625 1946 742 2031 mori!

250 2034 431 2098 Possumus.
474 2032 568 2097 Nune
591 2039 641 2097 est
663 2039 791 2118 tempus
813 2030 936 2097 orandi.
955 2034 962 2114 Ι

251 2118 359 2183 Tusrs.
405 2117 467 2192 Qui
489 2119 655 2204 plasmasti
684 2141 751 2201 me,
780 2119 936 2183 miserere
963 2119 1108 2203 mallet
1135 2120 1190 2187 fae
1217 2122 1297 2188 saliri

163 2205 270 2270 reditu
292 2203 334 2268 ad
355 2210 389 2269 te
411 2206 531 2269 reverti
549 2207 555 2287 Ι
574 2206 724 2287 animam,
747 2226 844 2290 quam
865 2206 1038 2290 inspirasti.
1057 2208 1065 2289 Ι

120 2288 138 2347 3
250 2292 430 2356 Pssuurrus.
483 2288 546 2362 Qui
572 2292 677 2356 faetus
705 2313 727 2355 a
755 2291 858 2372 nullo,
886 2312 964 2357 vere
993 2312 1030 2357 es
1060 2293 1132 2358 sine
1163 2294 1297 2359 materie
1310 2310 1332 2353 a

162 2378 282 2449 forma,
311 2378 400 2441 ouius
422 2378 561 2463 simplex
583 2398 654 2441 esse
674 2382 679 2459 Ι
699 2377 876 2457 hominem,
927 2379 961 2442 ni
982 2398 1047 2444 non
1069 2386 1121 2445 est
1143 2378 1195 2459 id,
1217 2378 1299 2467 quot

166 2470 225 2544 ast,
250 2484 292 2528 ex
314 2463 376 2527 hoo
399 2469 432 2526 et
451 2463 514 2528 hoo
536 2465 613 2529 feeit
628 2465 813 2544 consistere,
833 2464 839 2547 Ι
858 2462 901 2528 (la
939 2465 1059 2530 'versu
1081 2472 1196 2553 partes
1210 2466 1299 2533 liniue

168 2549 343 2615 solvendae
358 2549 496 2613 hominis
508 2550 512 2633 Ι
526 2571 680 2636 prospere
695 2557 845 2636 repetere
860 2551 1050 2637 principium
1067 2552 1118 2617 sui
1134 2554 1277 2639 originis,
1292 2558 1297 2633 Ι

169 2658 232 2722 quo
256 2642 289 2700 et
305 2637 412 2699 anima
434 2637 568 2701 caelitus
582 2637 694 2719 indita,
717 2636 911 2702 caelestibus
933 2636 1062 2723 gaudiis
1076 2640 1297 2705 intermisecu-

169 2730 231 2800 tur,
250 2724 256 2799 Ι
277 2729 310 2787 et
332 2742 448 2807 corpus
469 2723 502 2786 in
524 2724 613 2787 molli
633 2725 758 2808 gremio
780 2730 898 2805 terrae,
920 2744 998 2789 suae
1021 2726 1192 2807 materiae,
1213 2726 1329 2827 ped-s

129 2798 149 2855 4
171 2810 231 2874 fiee
246 2811 403 2889 foveatur,
418 2810 422 2893 Ι
438 2809 658 2894 quoadusque,
680 2811 836 2895 pulverea
854 2809 966 2876 favilla
979 2816 1119 2877 ooeunte
1132 2812 1138 2897 Ι
1151 2818 1187 2878 et
1200 2812 1298 2877 ursei

1 2886 152 2967 ·.t’⁰9·²⁶9·
170 2897 250 2960 flatu
278 2895 440 2960 redivivos
467 2905 554 2959 artus
584 2897 700 2960 iterum
728 2897 883 2978 intrante,
910 2900 917 2977 Ι
940 2897 1021 2962 haee
1054 2896 1173 2964 eadem
1203 2896 1297 2963 Thais

165 2988 314 3066 resurgat
335 2981 492 3067 perfecta,
514 2988 550 3046 ut
572 2982 642 3062 fuit,
663 2982 772 3063 homo,
794 2983 879 3046 inter
893 2981 1082 3049 eandidulas
1105 3004 1187 3050 ores
1201 2984 1295 3051 eollo-

167 3068 271 3133 canda
290 3068 295 3150 Ι
316 3075 349 3132 et
370 3066 572 3153 ingaudium
595 3069 795 3132 aeternitatis
809 3066 1009 3145 inducenda3
1028 3074 1035 3151 Ι
1053 3077 1100 3153 tu,
1124 3072 1191 3158 qui,
1213 3072 1354 3145 solman

166 3153 210 3235 id,
233 3153 320 3240 quod
336 3175 381 3236 es,
403 3155 436 3218 in
451 3155 574 3219 unitate
591 3155 739 3219 trinitatis
755 3175 873 3240 regnas
889 3162 923 3221 et
937 3157 1086 3242 gloriaris
1100 3177 1164 3244 per
1177 3156 1294 3223 infinita
1304 3176 1325 3217 a

167 3243 298 3305 saecula
319 3242 531 3305 saeculorum.

253 3394 428 3460 illegiturrl!
496 3394 528 3446 12
546 3397 655 3449 NoloM
723 3395 1060 3466 26quolquoadnsqnell
1126 3398 1295 3467 mquid·

170 3462 221 3529 (aa)
240 3466 274 3526 id,
292 3466 360 3529 quod
377 3482 405 3516 es
423 3465 547 3531 Mopuim
564 3462 598 3527 cf.
612 3483 642 3532 p.
656 3470 736 3529 141,8

254 3602 271 3654 2
292 3604 386 3654 mitiori
408 3606 468 3671 igne
485 3605 640 3669 purgatorii.
735 3602 752 3655 5
773 3606 807 3669 es.
830 3604 907 3656 Paret
925 3604 964 3657 od
984 3603 1060 3657 Bosa.
1074 3610 1112 3670 11,
1120 3610 1151 3659 6.·
1171 3608 1195 3659 tl
1212 3614 1292 3659 ant·

168 3673 265 3739 gratia,
290 3674 340 3723 iam
360 3690 412 3723 uon
433 3674 566 3740 operibus;
588 3674 704 3738 alioquin
725 3675 809 3740 mutia
831 3674 883 3726 iam
904 3691 957 3727 non
974 3682 1014 3727 eet
1029 3676 1126 3741 grues.
1229 3674 1291 3741 Ges·

168 3742 240 3793 Dan.
251 3745 268 3792 3
281 3742 400 3808 (hymnus
412 3743 488 3792 triam
499 3743 626 3792 virorum:
643 3760 665 3793 o.
680 3748 714 3794 59
725 3744 868 3795 benedicite
879 3744 944 3796 eseli
955 3744 1067 3807 domino,
1076 3762 1101 3796 ο.
1116 3748 1147 3795 78
1157 3744 1291 3798 hodi&

168 3813 291 3863 universa
308 3812 480 3877 germinantia
497 3811 607 3875 domino,
625 3830 646 3861 o.
662 3816 750 3877 waqq.
768 3815 851 3864 sontes
868 3815 947 3865 maris
965 3814 1083 3877 flumina,
1098 3832 1124 3864 e.
1138 3816 1227 3881 Dm.
1242 3824 1290 3865 eru

168 3882 287 3931 volueres
305 3882 402 3933 bestiae
421 3882 531 3947 peoora).
604 3880 637 3931 lo
654 3883 688 3948 cs.
708 3880 1289 3947 Gau.112§2,Atr.4§⁴(Pnupl-

68 3960 78 3973 '
91 3956 122 4003 ¹3:
171 3952 357 4007 lmffllrabet
368 3952 491 4002 usitatum
503 3967 597 4000 munus
610 3950 657 4000 hoc
669 3952 809 4016 divinitas).
880 3950 914 4003 14
931 3953 966 4018 af.
985 3950 1078 4016 801).ss
1093 3950 1144 4015 Ν.
1213 3950 1244 4003 18
1257 3950 1287 4015 ef.

169 4018 278 4084 Polis]
295 4020 357 4083 §lt
445 4021 480 4071 ⁸le
497 4022 531 4084 ef.
552 4018 633 4070 cate
649 4020 666 4082 ἕ
677 4024 716 4071 26.
803 4017 838 4070 ‘22
854 4022 889 4087 of.
909 4018 994 4072 001.ss
1009 4022 1062 4083 99.

582 4244 888 4254 ----.--
