2910 5024
519 335 547 389 11
564 334 590 388 4.
607 331 751 386 Atratum.
1150 339 1200 393 159

12 504 41 593 5]
145 506 263 570 Manu.
320 505 425 571 Tuum
456 511 519 588 est,
551 513 645 591 pater
672 505 825 587 amande,
858 513 893 570 nt
922 506 964 571 ad
992 509 1091 573 instar
1121 510 1199 575 boni

56 592 198 682 pastoris
220 591 400 679 praecedas
423 598 585 677 repertam
609 613 714 673 ovem,
728 590 731 677 i
747 598 780 657 et
801 613 874 679 ego,
897 593 1029 679 paribus
1043 595 1197 661 incedens

54 679 214 764 vestigiis,
239 678 336 743 subse
360 699 420 743 uor
440 677 703 763 praecedentem.
724 677 729 760 Ι

143 766 312 830 Annum.
384 771 441 829 aut
454 766 515 840 ita;
538 764 598 829 sed
614 785 676 849 ego
692 764 831 849 pedibus
845 765 1005 847 incedam,
1022 765 1072 850 tte
1088 775 1199 832 autern

57 872 143 1003 Ἢ
178 871 409 936 superponam,
441 851 445 934 t
474 871 516 915 ne
555 852 679 915 itineris
721 851 879 937 asperitas
909 852 914 935 1
945 859 1035 917 secet
1070 860 1199 919 teneras
1231 874 1243 913 s

12 961 78 1088 tp
141 1023 259 1088 Mnnrs.
306 1021 350 1104 O,
380 1043 476 1108 quem
505 1029 538 1087 te
567 1028 766 1088 memorem?
787 1024 791 1107 Ι
812 1044 909 1109 quam
936 1024 995 1089 tibi
1022 1026 1200 1110 gratiarum

54 1109 232 1198 inpendsm
261 1110 593 1194 reconpensationem,
614 1114 619 1192 Ι
640 1111 694 1195 qui
722 1129 775 1173 me
796 1109 964 1194 indignam
990 1113 1198 1177 miseratione

55 1218 120 1263 non
143 1204 268 1261 terrore
292 1197 391 1281 cogis,
412 1198 417 1276 Ι
436 1195 495 1260 sed
516 1197 586 1260 miti
607 1195 881 1261 condescensione
904 1196 947 1261 ad
961 1198 1199 1282 poenitentiam

55 1283 218 1349 hortaris?
1218 1302 1242 1341 ro

143 1289 309 1433 Aenilinu.
354 1365 442 1431 Nihil
471 1366 558 1432 aliud
586 1388 606 1432 a
633 1375 665 1432 te
694 1374 829 1454 expeto,
856 1368 861 1452 Ι
885 1368 946 1432 nisi
977 1375 1013 1432 ut
1039 1371 1199 1456 reliquum

56 1457 147 1521 ritae
168 1453 368 1519 inhaerendo
391 1455 518 1519 insistas
542 1453 596 1519 dei
620 1455 785 1541 obsequio.
807 1456 811 1535 Ι

16 1540 34 1600 7
146 1540 263 1606 Minu.
318 1539 506 1625 Spontanea
534 1548 644 1605 mente
670 1542 869 1620 inhaeream,
890 1548 895 1617 Ι
914 1561 973 1626 pro
1001 1540 1121 1605 viribus
1149 1543 1197 1606 in-

55 1629 180 1708 sistam,
201 1633 205 1709 Ι
225 1634 269 1709 st,
292 1628 319 1691 si
341 1627 478 1692 facultas
501 1627 585 1692 desit
606 1648 712 1712 posse,
734 1634 933 1712 {numquam
961 1633 1072 1691 tamen
1095 1626 1199 1693 deerit

54 1715 179 1795 velle!
1217 1732 1240 1770 rs

10 1816 40 1866 ts.
146 1799 312 1864 Asnsnsu.
349 1797 518 1876 Convenit,
540 1806 586 1880 ut,
607 1819 670 1884 quo
686 1799 791 1863 studio
809 1799 1017 1864 deserviebas
1031 1799 1196 1885 vanitati!

56 1887 225 1952 famuleris
248 1885 376 1950 divinae
397 1885 589 1969 voluntati!

145 1971 263 2037 Msnn.
307 1971 391 2052 Fiat,
415 1991 539 2057 precor,
563 1972 626 2036 tuis
648 1971 780 2052 meritis,
800 1969 805 2056 Ι
825 1976 861 2035 nt
882 1971 915 2035 in
938 1991 990 2034 me
1013 1970 1197 2057 perficiatur

55 2060 207 2125 voluntas
231 2058 414 2123 divinitatis.
435 2059 439 2141 Ι

146 2144 312 2210 Asnaum.
358 2144 557 2208 Maturemus
580 2143 755 2223 reditum!
1216 2162 1242 2201 ro

146 2231 263 2297 disum.
307 2231 525 2303 Matrrremns;
548 2251 622 2294 nsru
645 2250 698 2294 me
721 2227 833 2294 taedet
855 2229 1052 2313 morarum!

12 2333 24 2392 l
1069 2314 1197 2388 Quanta
1215 2321 1345 2388 fol.108¹

56 2405 230 2472 celeritate
252 2403 360 2489 asperi
382 2402 606 2466 difficultatem
629 2401 751 2465 itineris
775 2401 1034 2466 transcurrimus!

145 2490 312 2555 Murum.
357 2487 453 2562 Quod
476 2488 594 2553 devote
612 2489 727 2572 agitur,
747 2491 752 2570 Ι
772 2488 866 2551 facile
883 2485 1080 2572 perficitur.'l
1101 2485 1197 2567 Ecce,

56 2586 117 2643 tua
139 2575 270 2640 deserta
293 2575 418 2640 cellula.
440 2578 444 2650 Ι
1216 2600 1241 2639 as

145 2662 263 2726 Mirum.
308 2662 349 2726 Ei
376 2661 468 2725 mihi!
514 2660 590 2746 Ipsa
618 2660 681 2723 mei
709 2659 839 2724 sceleris
863 2665 913 2724 est
936 2660 1075 2724 conscia:
1098 2657 1196 2739 {ideo

55 2747 186 2834 ingredi
209 2748 381 2827 formido}

10 2842 31 2902 2
145 2836 312 2899 Anninus.
357 2833 401 2898 Et
423 2833 554 2906 merito;
575 2832 579 2912 Ι
600 2832 772 2918 fugiendus
800 2839 849 2897 est
877 2832 996 2918 quippe
1020 2832 1119 2914 locus,
1140 2833 1144 2915 Ι
1164 2833 1197 2896 in

57 2942 122 3008 qno
145 2921 274 2985 hostem
298 2922 441 3006 sequitur
464 2919 653 3004 triumphus.
673 2922 678 3004 1

147 3005 265 3073 Minis.
308 3007 353 3071 Et
373 3007 430 3070 ubi
450 3026 504 3070 me
528 3004 673 3070 decernis
696 3005 921 3090 conpunctioni
944 3009 1080 3068 vocare?
1216 3032 1241 3070 so

148 3095 314 3158 Asnaum.
359 3092 537 3179 Ingredere
553 3093 586 3156 in
603 3094 751 3157 cellulam
766 3092 963 3172 interiorem,
977 3090 981 3175 i
994 3110 1036 3154 ne
1051 3096 1197 3154 vetustus

59 3199 194 3264 serpens
218 3178 399 3265 decipiendi
421 3179 506 3242 ultra
528 3180 669 3243 inveniat
692 3179 929 3260 occasionem!

145 3265 263 3329 umis.
307 3265 381 3329 Non
397 3265 622 3348 contraluctor,
642 3269 647 3348 Ι
667 3265 735 3346 sed,
760 3286 843 3350 quae
859 3264 962 3345 iubes,
986 3262 1196 3348 amplector!

145 3506 164 3560 8
180 3509 226 3574 qni
244 3506 331 3572 M‘p‘:
350 3525 401 3574 qus
419 3508 493 3574 M¹p¹
576 3507 593 3560 9
611 3510 822 3562 condescsntions
840 3509 874 3560 Μ
954 3507 986 3559 12
1004 3497 1095 3562 insistis
1113 3509 1140 3559 in
1158 3508 1197 3559 iu·

59 3580 122 3630 sista
142 3576 449 3642 (siop)ccrr.m.1d1
534 3574 566 3628 21
586 3594 647 3629 nam
664 3595 705 3630 ms
723 3587 743 3629 t·
760 3580 788 3629 in
805 3596 858 3631 ras.
877 3584 940 3629 m.1
959 3577 992 3628 Μ

59 3647 92 3700 22
108 3664 146 3713 sq.
165 3650 197 3697 Δ.
216 3647 319 3710 Quanta
337 3647 468 3699 celeritate
486 3647 569 3713 asperi
587 3648 763 3698 difficultatem
781 3649 878 3700 itineris
896 3647 1103 3699 transcurrimus.

156 3718 193 3768 Μ.
212 3717 287 3779 Quod
305 3716 396 3767 devote
413 3717 507 3782 agitur,
526 3716 601 3767 facile
619 3718 757 3782 perficitur.

161 3788 194 3836 A.
213 3786 280 3836 Ecce
297 3793 343 3836 tua
359 3786 460 3837 deserta
477 3785 579 3837 cellula.
615 3785 649 3834 M
651 3801 660 3834 .·
678 3786 779 3837 correxi

56 3853 91 3907 26
108 3855 215 3907 scolaris
232 3856 276 3906 -ἶ-
294 3856 398 3906 conscia
410 3854 448 3917 M,
468 3856 578 3906 scalaris.
596 3855 727 3919 conscisp
796 3852 830 3905 28
848 3850 957 3920 fugiend
974 3853 1018 3904 Μι
1035 3852 1082 3918 (cf.
1101 3867 1197 3916 appar.

56 3925 93 3976 od
111 3924 193 3976 stoa.
204 3924 277 3988 204),
295 3921 409 3991 fugiend'
428 3923 484 3983 M²,·
502 3925 661 3990 fugiendup
749 3921 782 3974 31
800 3924 952 3975 interionem
970 3922 1012 3972 Μ1

143 4110 158 4163 'i
178 4114 214 4179 cs.
232 4111 304 4177 Verp.
324 4113 389 4163 Am.
403 4112 480 4164 1327
495 4130 510 4163 o
528 4129 606 4178 quam
624 4120 649 4164 ts
667 4130 812 4176 memorem,
830 4113 922 4178 virgo?
1002 4109 1035 4162 12
1052 4112 1087 4178 cf.
1106 4109 1198 4162 Aeas

52 4183 105 4244 §8.
199 4180 234 4232 21
258 4182 292 4247 of.
312 4182 383 4232 Gall.
397 4182 417 4230 Ι
426 4189 439 4233 1
456 4182 505 4243 §L
592 4180 627 4233 26
650 4185 684 4249 cs.
703 4182 812 4233 Hieroso.
831 4185 948 4246 emm
963 4180 1014 4244 (ed.
1031 4180 1201 4231 Vcilard'l

52 4253 101 4304 col.
116 4252 165 4317 93)
184 4252 269 4318 ipsam
287 4267 390 4317 quoque
406 4251 524 4303 cellulam
543 4268 624 4302 meam
642 4253 716 4318 quusi
734 4252 920 4318 cogitationum
934 4267 1050 4302 mearum
1067 4252 1196 4302 consciam

50 4322 277 4389 pertimescebam.
