2910 5024
547 309 561 364 1
580 307 726 377 noram.

182 478 287 554 Qem
311 481 400 566 eupit
423 481 535 564 occidi,
558 482 710 546 simulans
732 503 767 546 se
790 484 875 548 velle
898 486 1032 570 precari.

178 566 240 641 Qui
262 574 463 632 monstrante
485 569 569 634 riam
593 570 688 633 stella
709 576 849 655 pergunt
871 572 934 636 cito
957 579 1089 655 rectam,

177 653 304 718 lntrant
326 661 360 719 st
382 656 475 740 pueri
497 656 621 756 regalia
643 661 731 721 tecta
752 657 866 720 tenelli

178 739 268 804 Haut
290 743 380 806 sario
403 748 491 807 certe
515 741 667 827 drgestim
689 745 777 828 picta
799 743 917 826 colore,

179 826 301 892 Sideris
324 829 482 914 obsequio
505 830 586 893 tanti
609 828 667 893 sed
688 831 749 895 rite
771 831 888 915 polita;

179 915 275 978 Proui
298 917 442 1000 vestigiis
464 916 602 1002 figentes
625 917 735 984 oscula
757 918 866 1001 prolis,

182 1000 322 1066 Orantos
344 1003 484 1088 preculis
506 1003 619 1067 humili
642 1023 770 1089 quoque
792 1024 872 1068 uoce
895 1003 1044 1090 profusis,

180 1087 277 1152 Trino
300 1090 477 1154 caelestem
499 1098 697 1154 uenerantur
716 1111 851 1155 munere
873 1110 997 1176 regem,

179 1174 274 1240 Hunc
296 1174 524 1262 hominemque
548 1176 646 1242 deum
670 1176 740 1241 desi
785 1184 878 1242 antes
900 1179 1099 1243 moriturum.

180 1260 253 1343 oui,
276 1282 354 1326 mox
375 1264 409 1327 in
431 1264 551 1328 somnis
573 1265 687 1328 moniti
710 1285 747 1328 su
793 1271 940 1350 tempore
963 1267 1076 1347 noctis,

178 1348 231 1413 Ad
254 1350 392 1434 patriam
415 1350 493 1414 laeti
517 1349 666 1435 redeunt,
688 1371 748 1436 per
770 1350 865 1415 deria
888 1350 985 1416 ducti.
1203 1358 1251 1424 sol.
1266 1360 1316 1409 ror

221 1434 282 1499 His
303 1437 350 1499 ita
372 1436 515 1522 digestis,
538 1437 690 1503 Herodes
712 1439 871 1523 pessimus
892 1438 993 1503 hostis

176 1522 315 1607 Augusti
337 1524 425 1587 iussu
447 1523 586 1588 Romam
610 1524 779 1589 deducitur
802 1545 890 1610 ergo,

180 1607 250 1682 Quo
274 1610 327 1673 rel
348 1617 513 1711 purgaret,
536 1612 593 1675 lex
615 1618 651 1675 ut
672 1610 822 1676 Romana
844 1611 986 1692 doceret,

181 1693 329 1760 Criminis
350 1699 492 1783 suposita
514 1697 556 1763 de
579 1699 688 1783 magni
712 1719 747 1763 se
770 1700 833 1763 cito
857 1698 961 1784 culpa,

178 1781 241 1847 Vel
264 1784 378 1868 capitis
399 1805 541 1869 poenam
562 1785 645 1849 iuste
668 1792 837 1871 pateretur
858 1805 1016 1850 amaram:

178 1867 326 1955 Namque
349 1891 424 1936 reus
444 1872 623 1936 maiestatis
646 1870 771 1937 dicetm
791 1872 915 1943 herilis

109 1993 114 2012 ι
178 1954 222 2020 Et
243 1959 360 2022 merito
383 1957 483 2023 talem
506 1959 627 2044 patitur
648 1960 712 2023 iam
736 1959 961 2045 suspicionem,

179 2041 242 2116 Qui
264 2045 353 2129 cupit
373 2044 496 2109 insidiis
518 2046 649 2130 vulpino
673 2045 772 2111 corde
794 2047 916 2131 paratis

177 2129 310 2195 Prolem
334 2132 483 2196 caelestis
506 2131 647 2197 divinam
669 2131 807 2218 perdere
829 2135 926 2218 regis.

178 2215 253 2281 Hoc
274 2239 350 2281 nam
373 2217 480 2283 divino
504 2226 583 2284 nutu
606 2220 726 2284 factum
748 2221 818 2284 iore
842 2219 950 2296 credo,

181 2303 278 2376 Quod
300 2311 375 2369 tuno
421 2312 546 2370 eroerte
568 2305 708 2371 Romam
730 2305 901 2370 mandatur
923 2304 1023 2384 adire,

178 2390 251 2464 Quo
275 2392 335 2455 sibi
357 2327 521 2457 sudtracto
544 2394 626 2476 legis
648 2393 853 2457 mandamine
876 2400 991 2459 cuncta

178 2477 311 2542 Plenius
333 2480 366 2541 in
388 2485 464 2543 nato
488 2481 726 2565 complerentur
748 2481 811 2544 cito
835 2479 972 2544 Christo.

222 2563 371 2650 Namque
395 2573 511 2650 quater
533 2566 624 2630 denis
648 2587 742 2631 cursu
764 2566 903 2631 ducente
925 2566 1065 2652 peractis

181 2650 328 2737 Virginei
350 2659 461 2736 partus
484 2651 634 2737 digestim
657 2655 718 2718 rite
742 2652 866 2733 diebus,

176 2736 242 2802 Hic
263 2739 365 2803 iactor
386 2739 539 2804 membris
562 2740 725 2804 caelorum
747 2760 887 2825 namque
910 2739 1038 2804 tenellis

180 2825 310 2889 Sistitur
331 2827 364 2889 in
386 2828 516 2912 proprio
540 2848 640 2912 parvo
664 2847 736 2892 cum
759 2847 892 2892 munera
915 2825 1049 2911 templo,

178 2911 270 2976 Ulnia
294 2920 451 2997 exceptus
474 2914 618 2978 tremulis
640 2914 716 2978 iusti
738 2913 919 3000 symeonis,

178 2998 223 3062 Et
245 2999 355 3063 mundi
378 2999 527 3064 domiuus
550 3000 717 3085 condignis
741 2999 1001 3065 estbenedictus

180 3084 260 3151 Odis
283 3107 326 3150 ex
347 3087 418 3173 ipso
441 3088 525 3152 iusto
549 3087 702 3152 Simeone
725 3093 852 3152 vetusto

178 3171 312 3237 Necnon
334 3173 459 3238 famosa
481 3175 649 3261 praesagis
673 3173 805 3239 vocibus
827 3175 934 3240 Anna.

179 3259 240 3322 His
263 3281 390 3345 quoque
414 3261 584 3346 completis
606 3263 698 3325 iuxta
720 3258 927 3326 mandamina
949 3260 980 3323 le
1006 3262 1013 3277 ’

183 3344 236 3409 Ad
259 3347 396 3432 patriam
419 3347 571 3413 Bethlem
593 3347 760 3413 redierunt
781 3350 926 3432 protinus
948 3282 1071 3414 mqupm·

221 3431 306 3497 Nam
353 3440 404 3498 ost
426 3434 508 3500 haec
530 3436 613 3499 binis
635 3437 816 3499 mansurnis
838 3454 943 3522 paene
966 3436 1110 3522 repletis,
1204 3457 1253 3522 [οι.
1267 3458 1314 3507 18¹

178 3519 291 3584 Hostis
315 3455 356 3585 adr
381 3522 478 3586 exilio
502 3524 635 3587 veniens
659 3542 829 3609 perversus
852 3541 973 3603 amaro,

180 3605 276 3681 Quod
299 3606 412 3672 dixere
436 3611 533 3694 msgi,
555 3609 710 3674 volvebat
731 3615 839 3674 mente
863 3608 995 3690 dolenti,

180 3692 223 3759 Se
248 3695 314 3758 nati
337 3695 465 3760 stellam
487 3697 574 3782 regis
596 3697 716 3762 uidisse
740 3696 901 3762 decoram.

157 3882 211 3937 660
227 3885 298 3936 iusso
315 3884 441 3938 Bartsch:
458 3872 537 3953 iussld
555 3887 595 3950 ll,
612 3888 731 3954 iussuop
801 3884 854 3938 670
865 3886 1029 3937 mandamina
1040 3884 1086 3934 ll:
1103 3884 1205 3935 corrui

109 3953 268 4020 'opidorum
279 3955 409 4020 vafidns'u,
421 3975 443 4006 o.
456 3960 515 4007 523.
524 3961 580 4009 578.
590 3961 645 4008 646.
654 3961 712 4019 890,
725 3974 779 4007 noo
791 3965 851 4006 runt
861 3956 1029 4007 mandamina
1040 3953 1114 4019 legis,
1126 3971 1149 4004 c.
1162 3957 1204 4003 64.

109 4024 151 4089 0),·
170 4031 266 4075 cuncta
283 4033 311 4074 ut
322 4023 394 4075 Mor.
410 4028 463 4077 787.
478 4029 535 4089 865,
546 4027 627 4092 prim.
640 4029 686 4078 391
755 4022 807 4076 ela
820 4026 920 4076 dicente
934 4024 967 4073 Μ
1034 4020 1086 4074 674
1097 4023 1204 4073 membri

109 4093 197 4156 dorum
215 4093 269 4156 Μ’,
285 4095 393 4146 membri
410 4096 525 4158 oqlornm
543 4094 604 4160 M¹p
690 4092 742 4146 684
760 4094 875 4146 uollabat
891 4093 953 4159 ΜΡ

156 4248 209 4302 656
222 4267 260 4316 oq.
283 4253 318 4316 cs.
345 4249 448 4302 sclam
465 4249 591 4315 p.36²¹⁸.
678 4248 729 4301 657
751 4250 787 4316 cs.
809 4248 925 4301 Huamcr
947 4247 984 4299 od
1001 4245 1091 4299 Sedul.
1105 4244 1140 4295 ΙΙ
1149 4249 1205 4297 102.

109 4317 124 4367 8
141 4321 176 4384 cs.
195 4318 251 4370 Pel.
266 4323 322 4370 178.
415 4316 466 4371 659
484 4321 519 4384 cs,
539 4320 620 4384 Gosrq.
632 4324 689 4382 419,
709 4318 764 4371 Pel.
776 4321 815 4371 61.
908 4315 960 4369 666
977 4318 1012 4382 cs.
1030 4315 1123 4380 Sapo
1139 4315 1206 4376 §22
