2910 5024
525 363 579 418 18.
597 364 696 432 Acuca.

147 538 359 620 Incrcdulam,
381 539 491 624 plures
513 537 632 624 raptim
655 544 799 602 stravere
822 536 979 621 falanges.

148 624 223 690 Sola
245 625 304 690 sed
326 626 466 690 inmunis
488 624 597 689 stabat
619 624 674 710 pia
696 625 788 709 virgo
812 623 936 704 caloris,

150 712 236 777 Inter
258 714 459 776 flammarum
483 712 586 776 crines
608 710 724 776 ludens
747 711 953 795 crepitantes,

147 798 321 884 Oravitque
345 798 442 863 deum
464 798 566 862 versis
589 796 632 861 ad
653 797 772 883 sydera
792 797 918 882 palmis,

146 885 216 950 Hoc
236 892 333 950 utens
355 886 388 949 ie
411 886 517 949 fronte
539 885 645 968 precis
667 882 885 949 modulamine
908 881 1026 947 laudis:

146 970 371 1058 ‘Omnipotens
394 972 485 1036 verbi
507 971 636 1056 genitor
658 969 834 1055 mundique
859 976 996 1050 creator,

147 1056 216 1138 Qui,
240 1079 314 1123 cum
337 1057 455 1122 dilecto
479 1078 618 1141 regnans
640 1064 728 1121 retro
751 1065 900 1142 tempora
922 1063 998 1120 nato

145 1145 323 1210 Amborum
347 1164 389 1209 ue
412 1152 585 1209 coaeterno
608 1164 681 1207 cum
703 1143 833 1207 flamine
856 1163 959 1225 sacro,

144 1229 250 1317 Digne
272 1166 415 1295 laudaris
438 1231 552 1296 coleris
575 1231 739 1294 veneraris
762 1229 890 1308 amaris,

146 1316 190 1382 Te
213 1318 318 1382 solum
342 1316 450 1396 laudo,
474 1325 507 1382 te
530 1316 693 1380 laudando
716 1315 886 1398 benedico,

144 1402 185 1467 lit
207 1404 268 1469 tibi
291 1403 409 1469 devote
432 1410 543 1489 grates
564 1403 714 1488 persolvo
737 1422 908 1489 perennes,

144 1488 299 1555 Eiusdem
322 1492 398 1575 quia
421 1491 503 1555 fulta
525 1491 571 1554 tui
594 1490 769 1553 munimine
791 1489 869 1570 nati,

144 1576 328 1663 Numquam
351 1577 510 1642 subcubui
533 1577 692 1662 serpentis
714 1575 828 1639 fraude
851 1575 981 1654 vetusti,

144 1661 286 1751 Corpore
309 1663 368 1727 sed
391 1671 490 1742 casto,
512 1684 593 1749 puro
617 1661 787 1748 cordisque
810 1668 946 1743 secreto,

144 1748 255 1814 Carnis
277 1751 446 1836 spurcitias
468 1751 660 1836 pertransivi
682 1749 767 1813 bene
791 1754 931 1827 cunctas,

144 1836 272 1902 Poenas
295 1837 445 1922 sacrilegi
468 1838 589 1922 pariter
611 1835 793 1921 superando
817 1835 956 1920 tyranni.

144 1921 238 2003 Hinc,
261 1923 408 2008 gaudens
430 1924 463 1986 in
486 1932 518 1988 te
541 1923 674 1987 nimium
697 1942 795 2007 super
816 1921 877 1986 hac
890 1922 1034 2071 pietate,

143 2009 195 2074 Ad
218 2015 252 2074 te
275 2031 360 2074 nunc
383 2011 497 2074 animis
519 2010 636 2074 festino
660 2011 770 2073 venire
794 2009 889 2072 iocun
912 2009 949 2088 is,

144 2095 267 2182 Optans
289 2097 360 2160 iura
381 2097 450 2183 pati
471 2097 583 2160 mortis
607 2096 764 2180 citiusque
787 2095 916 2176 resolvi,

144 2181 214 2255 Quo
237 2203 367 2247 merear
389 2203 466 2247 vere
490 2183 702 2268 contemplari
725 2184 793 2246 sine
816 2182 880 2245 fine

143 2267 200 2349 Te,
225 2289 321 2354 quem
345 2270 500 2354 quaesivi,
524 2289 620 2354 quern
643 2270 749 2333 solum
771 2288 901 2355 semper
923 2267 1045 2342 amari;

143 2355 192 2420 'l'u
215 2356 358 2420 clemens
381 2357 522 2420 enimam
544 2376 603 2441 pro
627 2363 659 2420 te
684 2355 724 2420 de
749 2375 883 2441 corpore
906 2355 1032 2440 pulsam

143 2441 234 2507 Intra
257 2443 396 2506 claustra
417 2443 464 2506 tui
487 2441 659 2527 dignanter
681 2442 807 2528 suscipe
829 2443 932 2527 regni,

142 2530 213 2604 Quo
238 2535 282 2610 tu,
305 2530 374 2593 iure
398 2536 452 2593 tuo
475 2529 602 2615 pollens
625 2528 684 2592 sub
707 2529 836 2592 nomine
858 2529 953 2607 trino,

141 2616 217 2680 Rex
239 2635 321 2679 unus
343 2615 512 2680 machinae
536 2635 643 2680 rerum
665 2635 726 2701 per
748 2615 878 2679 saecula
900 2616 1004 2682 trinae

140 2703 227 2783 Istoc
249 2708 364 2766 cuncta
385 2704 471 2787 regis
494 2709 621 2788 sceptro
645 2722 789 2766 summae
814 2700 966 2766 deitatis?

143 2788 274 2853 Scilicet
297 2790 416 2853 orantis
438 2789 588 2875 precibus
609 2790 675 2852 iam
697 2789 758 2852 rite
781 2789 931 2872 peractis,

140 2875 157 2939 l
205 2875 275 2939 'bus
299 2876 449 2939 extinctis
473 2877 607 2940 moritur
628 2875 734 2939 subito
756 2895 854 2959 rogus
877 2876 995 2950 omnis;

140 2896 285 3026 Esstffloinis
306 2963 388 3047 ipse,
411 2963 476 3026 suis
500 2961 765 3046 confrigescendo
788 2961 915 3041 favillis,

141 3047 195 3113 Sic
219 3068 337 3134 expers
360 3050 462 3112 omnis
485 3048 589 3113 factus
611 3049 671 3112 fuit
694 3049 792 3113 immo
816 3047 941 3125 caloris,

140 3134 187 3199 Ut
207 3155 268 3199 nec
290 3136 460 3199 scintillam
482 3135 544 3199 sibi
564 3144 639 3221 post
661 3135 840 3198 servaverit
861 3135 970 3198 ullam.

183 3219 258 3286 Hoc
278 3221 378 3305 igitur
399 3223 492 3307 signo
514 3222 579 3284 iam
602 3222 799 3286 clarescente
822 3219 982 3306 stupendo

142 3305 270 3379 Quanto
295 3328 329 3372 se
353 3309 453 3372 virtus
477 3307 596 3372 Christi
617 3309 690 3393 plus
714 3307 839 3391 detegit
861 3307 941 3388 orbi,

141 3393 246 3458 Tanto
269 3395 399 3458 maioris
422 3394 545 3459 rabiem
569 3393 720 3480 spirando
745 3394 861 3458 furoris

143 3480 284 3545 Iniustus
306 3480 407 3545 iudex
429 3482 535 3545 animo
559 3482 717 3546 cruciatur
739 3500 861 3560 amaro,

139 3565 212 3631 Nec
232 3568 354 3653 patitur
376 3588 500 3631 sacram
522 3575 596 3653 post
618 3568 700 3631 haec
722 3586 892 3652 superesse
916 3565 1069 3652 puellam,

138 3770 171 3825 58
183 3756 302 3840 frilngens
315 3774 348 3824 Μ
352 3786 361 3834 ;
374 3775 491 3840 falanges
502 3792 520 3841 p
581 3773 631 3826 371
645 3775 765 3834 Orauitq·
778 3773 812 3824 Μ
820 3772 863 3837 (erc
875 3795 893 3854 q
906 3776 984 3839 corr.)
1044 3769 1096 3825 372
1106 3789 1169 3840 praa-

138 3862 153 3924 ¹,
186 3876 281 3926 preces
309 3860 367 3917 MR·
396 3876 518 3927 praecone
541 3877 561 3925 p
682 3857 733 3911 379
759 3863 865 3913 numine
893 3858 936 3919 M;
968 3859 1002 3925 cf.
1031 3867 1093 3925 gut.
1117 3861 1169 3910 386

138 3938 201 4050 ptris!
213 3929 245 3979 Μ
322 3927 374 3981 393
392 3931 444 3994 istc
463 3930 521 3996 (ric)
540 3929 582 3980 M:
600 3931 715 3990 correxi·
732 3931 767 3997 cf.
784 3931 839 3984 ind.
855 3945 965 3998 gramm.
1039 3925 1092 3979 396
1109 3943 1169 3980 con·

137 4151 171 4206 68
189 4155 223 4220 cs.
243 4154 316 4206 Alco.
334 4173 355 4206 c.
368 4161 391 4217 1,
401 4158 453 4206 267
469 4152 511 4217 (P.
524 4155 550 4207 0.
569 4155 769 4220 tom.Ip.175)
791 4155 860 4206 haud
878 4171 953 4206 secus
970 4155 1106 4207 oswaldus
1122 4170 1169 4206 rex

137 4224 235 4290 ubique
248 4224 397 4291 phalanges.
466 4221 517 4276 386
535 4226 569 4290 cs.
588 4224 665 4276 Paul.
685 4223 1052 4289 adeil.1,23desidcrium
1070 4222 1169 4276 babens

152 4293 456 4426 mpprfficbristc.
558 4292 609 4344 388
627 4295 661 4361 cf.
675 4295 822 4360 primtoo.
927 4291 979 4346 392
996 4291 1032 4359 cs.
1053 4293 1168 4361 Gorgo.
