2910 5024
610 347 872 405 HROTSVITHAE
891 346 1020 405 OPERA.

86 788 226 867 pascal
333 780 448 844 Plures
476 779 680 843 inveniuntur
708 778 868 858 catholici,
957 778 1047 842 cuius
1075 798 1135 843 uos
1164 780 1296 865 penitus
1325 800 1381 845 ex·
1396 784 1452 847 su..

247 887 388 953 purgare
404 866 573 951 nequimus
595 865 684 945 facti,
771 866 825 949 qui
865 884 901 928 ro
918 865 1061 930 cultioris
1149 864 1304 931 facundia
1320 888 1386 933 ser·

246 955 351 1019 monis
438 952 607 1037 gentilium
622 952 800 1016 vanitatem
815 886 970 1015 librorum
1051 950 1183 1015 utilitati
1198 954 1385 1039 praeierunt

200 1044 219 1104 2
245 1040 659 1124 sacrarumscripturarum.
726 1037 808 1102 Sunt
820 1038 919 1101 ctiam
932 1037 997 1118 alii,
1013 1038 1112 1102 sacris
1177 1039 1384 1105 inhaerentes

246 1128 387 1214 paginis,
481 1126 535 1210 qui
564 1125 641 1190 licet
670 1124 734 1187 alia
765 1125 935 1209 gentilium
965 1132 1136 1210 spernant,
1224 1124 1416 1193 Tenentiis

247 1224 358 1278 tamen
369 1212 546 1297 fingmento
558 1212 757 1297 frequentius
769 1211 927 1289 lectitant,
987 1217 1032 1293 at,
1045 1209 1122 1275 dum
1134 1210 1308 1279 dulcedine
1321 1234 1385 1279 sar·

247 1301 353 1365 monis
369 1299 580 1379 delectantur,
640 1296 854 1361 nefandarum
869 1298 984 1362 notitia
999 1317 1107 1362 rorum
1118 1300 1332 1363 maculantur.

203 1386 222 1447 3
246 1386 344 1451 Unde
357 1406 430 1471 ogo,
444 1383 574 1449 Clamor
582 1383 718 1449 Validus
731 1383 1040 1465 Gaudeshcmensis,
1056 1405 1120 1450 non
1134 1386 1284 1450 recusari
1300 1386 1385 1451 illurn

247 1474 365 1538 imitari
389 1471 550 1552 dictando,
639 1470 714 1534 dum
738 1471 793 1534 alii
812 1471 921 1535 colunt
942 1470 1095 1556 legendo,
1185 1492 1250 1558 quo
1271 1471 1384 1537 eodem

247 1559 431 1625 dictationis
453 1578 589 1642 genero,
619 1578 683 1642 quo
706 1558 813 1643 turpia
834 1557 1025 1621 lascivarum
1047 1558 1172 1622 incesta
1194 1560 1383 1623 feminarum
1397 1578 1416 1617 u

87 1674 151 1727 pay.
169 1661 230 1711 138.
248 1646 478 1725 recitabantur,
551 1643 723 1708 laudabilis
738 1664 900 1708 sacrarum
916 1643 1106 1709 castimonia
1120 1644 1282 1729 virginum
1298 1646 1385 1709 iuxta

202 1732 221 1791 4
245 1734 311 1799 mei
326 1731 515 1797 facultatem
531 1731 686 1817 ingenioli
702 1730 934 1796 celebraretur.
1014 1730 1089 1796 Hoc
1104 1737 1216 1796 tamen
1231 1732 1308 1797 facit
1323 1752 1382 1796 non

245 1840 319 1885 raro
335 1817 547 1885 verecundari
622 1818 777 1903 gravique
793 1816 911 1881 mborc
927 1814 1088 1903 pertundi,
1162 1816 1263 1919 quod,
1278 1818 1383 1883 huius-

245 1906 335 1971 modi
357 1905 466 1991 specie
490 1903 672 1969 dictationis
696 1910 854 1988 cogente,
877 1902 1107 1968 detestabilem
1128 1904 1252 1970 inhcite
1274 1925 1382 1970 aman·

246 1994 325 2058 tium
350 1991 548 2056 dementiam
573 1996 607 2054 ct
628 1991 713 2053 male
737 1989 843 2055 dulcia
866 1990 1027 2075 colloquia
1050 2010 1180 2067 eorum,
1235 2012 1298 2057 uae
1326 2004 1415 2057 neco

247 2088 357 2144 nostro
381 2077 504 2142 auditui
526 2079 755 2161 permittuntur
777 2075 1026 2156 accommodari,
1100 2012 1253 2142 dictando
1277 2092 1382 2143 mente

205 2174 224 2231 5
248 2167 385 2230 tractavi
472 2170 506 2228 et
529 2164 593 2227 stili
617 2164 723 2228 officio
748 2163 926 2248 designavi.
1015 2160 1083 2227 Sed
1099 2162 1152 2247 (si)
1169 2162 1253 2229 haec
1269 2164 1382 2229 erube·

248 2251 369 2317 scendo
400 2251 622 2336 neglsgcrcm,
693 2270 775 2315 ‘nec
806 2250 971 2335 proposito
1001 2249 1235 2329 satisfacerem,
1327 2272 1384 2317 nac

248 2338 466 2404 innocentium
482 2336 613 2401 laudem
628 2334 711 2400 adeo
724 2336 821 2421 plone
837 2337 929 2399 iuxta
941 2356 1050 2401 meum
1089 2356 1162 2401 osse
1174 2356 1384 2423 exponerem,

336 2426 421 2511 quia,
445 2430 565 2508 quanto
588 2422 766 2487 blanditiae
782 2423 959 2488 amentium
982 2422 1050 2487 adi
1076 2422 1238 2489 'ciendum
1253 2444 1382 2511 promp-
1397 2438 1420 2479 ¹·

249 2513 357 2589 tiores,
377 2518 468 2575 tanto
485 2517 519 2573 at
534 2510 664 2596 superni
681 2509 835 2574 adiutoria
850 2510 954 2595 gloria
970 2508 1137 2574 sublimior
1225 2518 1262 2575 st
1275 2512 1384 2577 tn'um·

270 2598 415 2663 bantium
444 2597 579 2660 victoria
613 2596 767 2682 probatur
801 2596 988 2682 gloriosior,
1086 2598 1282 2682 praesertim
1314 2618 1385 2663 cunr

247 2621 391 2750 demissa
412 2685 462 2747 fra
486 2684 570 2747 ‘litas
586 2684 730 2747 vinceret
818 2690 852 2747 et
873 2682 972 2747 virilis
994 2681 1093 2747 robur
1106 2682 1291 2749 confusioni
1310 2684 1385 2749 sub-

201 2778 221 2837 a
246 2772 379 2836 iaceret.
499 2791 540 2833 on
564 2771 649 2834 enim
672 2768 800 2847 dubito,
827 2768 906 2833 mihi
929 2768 971 2832 ab
993 2768 1155 2854 aliquibus
1178 2770 1277 2851 obici,
1298 2768 1455 2859 quodid

247 2859 340 2923 huius
362 2858 469 2921 vilitas
493 2855 675 2921 dictationis
740 2856 842 2919 multo
865 2856 1007 2934 inferior,
1066 2856 1168 2921 multo
1192 2858 1423 2923 contractiora

312 2946 506 3030 penitusque
523 2942 685 3007 dissimilis
752 2943 831 3021 cius,
848 2962 944 3027 quem
961 2942 1184 3093 proponebam
1201 2943 1333 3025 imitari,
1347 2946 1388 3011 sit

248 3032 426 3096 sententiis.
517 3029 689 3102 Conced03
778 3029 855 3113 ipsis
879 3035 988 3093 tamen
1039 3030 1186 3109 enuntio,
1275 3050 1330 3097 mo
1355 3032 1388 3097 is

247 3117 309 3183 hoc
338 3118 407 3182 iure
436 3116 631 3204 reprehendi
662 3135 726 3178 non
756 3134 869 3199 posse,
901 3117 991 3200 quasi
1021 3115 1071 3180 his
1101 3114 1221 3181 sellem
1253 3117 1388 3183 abusive

96 3238 158 3287 pap.
171 3222 225 3272 139.
247 3204 429 3275 assimilari,
518 3205 572 3289 qui
595 3203 659 3266 mei
676 3202 824 3265 inertiam
847 3201 945 3287 longe
963 3210 1211 3288 praecesserunt
1232 3204 1266 3269 in
1282 3206 1387 3271 scien·

201 3290 292 3353 7tia
315 3290 502 3355 sublimiori.
591 3288 661 3353 Nec
685 3288 770 3351 enim
791 3294 902 3352 tantae
991 3309 1061 3353 sum
1077 3290 1265 3363 iactantiae,
1353 3300 1426 3357 uss

246 3377 298 3440 vel
323 3377 477 3441 extremis
565 3396 617 3439 mc
641 3394 846 3461 praesumam
871 3374 1018 3440 conferre
1041 3382 1208 3441 auctorum
1233 3378 1391 3451 alumn'm

334 3462 393 3527 sed
422 3462 485 3526 hoc
513 3463 616 3525 solum
640 3462 739 3535 nitor,
769 3468 819 3541 ut,
843 3461 918 3525 lieet
940 3462 1124 3527 nullatenus
1146 3464 1279 3529 valeam
1301 3472 1391 3553 apte,

334 3549 470 3635 supplici
505 3557 613 3613 tamen
646 3549 763 3611 mentis
790 3547 964 3612 devotione
1075 3558 1249 3636 acceptum
1359 3554 1392 3619 is

333 3796 488 3844 l’narrarro.
533 3792 551 3845 5
574 3793 690 3842 terrentii
714 3794 751 3843 sic
768 3792 812 3847 ll.-
835 3794 893 3843 item
919 3792 1104 3843 Terrsntisnus
1126 3790 1214 3855 (Gall.
1238 3794 1274 3845 11
1296 3796 1393 3863 ἴῃ.)

248 3860 279 3913 17
299 3864 320 3913 si
339 3863 401 3913 aad.
422 3864 502 3913 t'clter
558 3859 594 3913 ‘20
611 3863 753 3912 amantium
774 3862 869 3919 Celsen
886 3858 923 3923 cs.
943 3860 1029 3913 Octo
1044 3862 1097 3923 55,
1113 3866 1130 3913 9
1146 3864 1205 3923 §11
1265 3862 1305 3917 23
1317 3868 1391 3919 uirile

249 3934 340 3991 θείαις
354 3933 435 3983 virilis
449 3928 552 3997 (citimi)
566 3931 646 3982 robur
658 3930 706 3993 (sic
717 3931 807 3983 Boetlr.
820 3931 915 3981 consol.
929 3930 1026 3981 Pateor.
1040 3930 1058 3979 1
1068 3946 1113 3995 pr.
1127 3936 1153 3993 2,
1162 3930 1194 3995 4)
1205 3931 1391 3987 inconcinna

246 4012 309 4051 rrsst
382 4002 416 4051 ‘26
434 4002 536 4052 imitari.
556 4002 589 4051 sit
607 4002 732 4053 seleutius
751 4002 870 4052 concedo.
889 3999 932 4049 JI:
950 4017 1017 4051 corr.
1033 4000 1121 4063 belles,
1138 4018 1185 4067 spo
1203 4002 1317 4057 Marsi
1333 4006 1391 4059 eall.

242 4088 272 4134 p.
285 4076 351 4133 2,·26
369 4081 392 4123 et
405 4074 496 4137 praes.
513 4079 575 4135 pest.
592 4072 639 4133 §7

334 4278 489 4327 l’assrsrro.
525 4278 542 4323 o
560 4280 595 4343 cs.
608 4293 724 4341 proceru.
802 4274 833 4325 l'i
856 4278 891 4341 cs.
909 4274 1000 4327 Bostlr.
1019 4276 1114 4327 consol.
1133 4274 1234 4331 Philas.
1247 4278 1271 4330 1
1281 4282 1392 4347 pam

247 4347 300 4397 stili
318 4346 403 4397 officio
422 4348 551 4411 signarem
569 4352 602 4407 (c.
616 4348 633 4397 l.
652 4346 827 4411 designarem:
844 4346 939 4410 Pciper
950 4362 981 4410 p.
996 4344 1134 4411 Lxml).
