<?xml version="1.0" encoding="UTF-8"?>
<!DOCTYPE html PUBLIC "-//W3C//DTD XHTML 1.0 Transitional//EN"
    "http://www.w3.org/TR/xhtml1/DTD/xhtml1-transitional.dtd">
<html xmlns="http://www.w3.org/1999/xhtml" xml:lang="en" lang="en">
 <head>
  <title>
</title>
<meta http-equiv="Content-Type" content="text/html;charset=utf-8" />
  <meta name='ocr-system' content='tesseract 3.04.00' />
  <meta name='ocr-capabilities' content='ocr_page ocr_carea ocr_par ocr_line ocrx_word'/>
</head>
<body>
  <div class='ocr_page' id='page_1' title='image "./hrotsvithaeoper02hrotgoog_0271.png"; bbox 0 0 2962 5506; ppageno 0'>
   <div class='ocr_carea' id='block_1_1' title="bbox 124 184 900 238">
    <p class='ocr_par' dir='ltr' id='par_1_1' title="bbox 124 184 900 238">
     <span class='ocr_line' id='line_1_1' title="bbox 124 184 900 238; baseline -0.006 0"><span class='ocrx_word' id='word_1_1' title='bbox 124 188 173 238; x_wconf 66' lang='lat'>2:34</span> <span class='ocrx_word' id='word_1_2' title='bbox 495 184 752 235; x_wconf 64' lang='lat' dir='ltr'>illl1l&#39;l&#39;&gt;l&#39;l&#39;l&#39;ll,ll·)</span> <span class='ocrx_word' id='word_1_3' title='bbox 773 185 900 235; x_wconf 71' lang='lat' dir='ltr'>nl‘llun.</span> 
     </span>
    </p>
   </div>
   <div class='ocr_carea' id='block_1_2' title="bbox 124 354 1185 2162">
    <p class='ocr_par' dir='ltr' id='par_1_2' title="bbox 233 354 981 438">
     <span class='ocr_line' id='line_1_2' title="bbox 233 354 981 438; baseline -0.001 -21"><span class='ocrx_word' id='word_1_4' title='bbox 233 354 276 417; x_wconf 84' lang='lat' dir='ltr'>Et</span> <span class='ocrx_word' id='word_1_5' title='bbox 299 355 534 438; x_wconf 79' lang='lat' dir='ltr'>coapostolicus</span> <span class='ocrx_word' id='word_1_6' title='bbox 559 375 650 417; x_wconf 86' lang='lat' dir='ltr'>sacer</span> <span class='ocrx_word' id='word_1_7' title='bbox 672 356 878 418; x_wconf 79' lang='lat' dir='ltr'>Innocentius</span> <span class='ocrx_word' id='word_1_8' title='bbox 904 358 981 417; x_wconf 82' lang='lat' dir='ltr'>eins.</span> 
     </span>
    </p>

    <p class='ocr_par' dir='ltr' id='par_1_3' title="bbox 124 439 1177 613">
     <span class='ocr_line' id='line_1_3' title="bbox 233 439 1177 526; baseline 0 -22"><span class='ocrx_word' id='word_1_9' title='bbox 233 440 296 513; x_wconf 87' lang='lat' dir='ltr'>Qui</span> <span class='ocrx_word' id='word_1_10' title='bbox 319 447 393 526; x_wconf 91' lang='lat' dir='ltr'>post</span> <span class='ocrx_word' id='word_1_11' title='bbox 415 448 578 525; x_wconf 83' lang='lat' dir='ltr'>pastorem</span> <span class='ocrx_word' id='word_1_12' title='bbox 602 439 736 504; x_wconf 91' lang='lat' dir='ltr'>Petrum</span> <span class='ocrx_word' id='word_1_13' title='bbox 761 442 963 526; x_wconf 89' lang='lat' dir='ltr'>Paulumque</span> <span class='ocrx_word' id='word_1_14' title='bbox 988 443 1177 524; x_wconf 79' lang='lat' dir='ltr'>magistrum</span> 
     </span>
     <span class='ocr_line' id='line_1_4' title="bbox 124 525 1057 613; baseline -0.002 -22"><span class='ocrx_word' id='word_1_15' title='bbox 124 552 160 591; x_wconf 63' lang='grc' dir='ltr'>ιω</span> <span class='ocrx_word' id='word_1_16' title='bbox 230 525 399 591; x_wconf 81' lang='lat' dir='ltr'>Ecclesiae</span> <span class='ocrx_word' id='word_1_17' title='bbox 423 528 546 591; x_wconf 89' lang='lat' dir='ltr'>meritis</span> <span class='ocrx_word' id='word_1_18' title='bbox 570 526 717 591; x_wconf 83' lang='lat' dir='ltr'>celebres</span> <span class='ocrx_word' id='word_1_19' title='bbox 739 528 859 591; x_wconf 86' lang='lat' dir='ltr'>fulsere</span> <span class='ocrx_word' id='word_1_20' title='bbox 883 529 1057 613; x_wconf 91' lang='lat' dir='ltr'>supremis;</span> 
     </span>
    </p>

    <p class='ocr_par' dir='ltr' id='par_1_4' title="bbox 233 612 1062 698">
     <span class='ocr_line' id='line_1_5' title="bbox 233 612 1062 698; baseline 0 -22"><span class='ocrx_word' id='word_1_21' title='bbox 233 612 378 686; x_wconf 87' lang='lat' dir='ltr'>Quorum</span> <span class='ocrx_word' id='word_1_22' title='bbox 403 619 468 676; x_wconf 91' lang='lat' dir='ltr'>tam</span> <span class='ocrx_word' id='word_1_23' title='bbox 491 633 610 698; x_wconf 82' lang='lat' dir='ltr'>magna</span> <span class='ocrx_word' id='word_1_24' title='bbox 633 621 802 677; x_wconf 86' lang='lat' dir='ltr'>servantur</span> <span class='ocrx_word' id='word_1_25' title='bbox 824 633 961 698; x_wconf 88' lang='lat' dir='ltr'>corpora</span> <span class='ocrx_word' id='word_1_26' title='bbox 984 633 1062 677; x_wconf 91' lang='lat' dir='ltr'>cura</span> 
     </span>
    </p>

    <p class='ocr_par' dir='ltr' id='par_1_5' title="bbox 231 699 1024 778">
     <span class='ocr_line' id='line_1_6' title="bbox 231 699 1024 778; baseline 0.001 -15"><span class='ocrx_word' id='word_1_27' title='bbox 231 699 400 763; x_wconf 79' lang='lat' dir='ltr'>Hactenus</span> <span class='ocrx_word' id='word_1_28' title='bbox 422 721 442 762; x_wconf 90' lang='lat' dir='ltr'>a</span> <span class='ocrx_word' id='word_1_29' title='bbox 465 701 585 764; x_wconf 87' lang='lat' dir='ltr'>cunctis</span> <span class='ocrx_word' id='word_1_30' title='bbox 608 699 701 762; x_wconf 90' lang='lat' dir='ltr'>huius</span> <span class='ocrx_word' id='word_1_31' title='bbox 724 699 903 764; x_wconf 88' lang='lat' dir='ltr'>rectoribus</span> <span class='ocrx_word' id='word_1_32' title='bbox 924 700 1024 778; x_wconf 86' lang='lat' dir='ltr'>urbis,</span> 
     </span>
    </p>

    <p class='ocr_par' dir='ltr' id='par_1_6' title="bbox 233 785 1185 871">
     <span class='ocr_line' id='line_1_7' title="bbox 233 785 1185 871; baseline 0 -22"><span class='ocrx_word' id='word_1_33' title='bbox 233 785 276 849; x_wconf 93' lang='lat' dir='ltr'>Ut</span> <span class='ocrx_word' id='word_1_34' title='bbox 299 806 359 849; x_wconf 89' lang='lat' dir='ltr'>uec</span> <span class='ocrx_word' id='word_1_35' title='bbox 382 787 573 871; x_wconf 85' lang='lat' dir='ltr'>particulam</span> <span class='ocrx_word' id='word_1_36' title='bbox 597 785 766 870; x_wconf 76' lang='lat' dir='ltr'>quisquam</span> <span class='ocrx_word' id='word_1_37' title='bbox 789 785 998 850; x_wconf 83' lang='lat' dir='ltr'>subtraxerat</span> <span class='ocrx_word' id='word_1_38' title='bbox 1019 804 1185 871; x_wconf 77' lang='lat' dir='ltr'>umquam,</span> 
     </span>
    </p>

    <p class='ocr_par' dir='ltr' id='par_1_7' title="bbox 124 871 1147 1043">
     <span class='ocr_line' id='line_1_8' title="bbox 231 871 1147 936; baseline 0.002 -2"><span class='ocrx_word' id='word_1_39' title='bbox 231 871 335 936; x_wconf 90' lang='lat' dir='ltr'>Pleno</span> <span class='ocrx_word' id='word_1_40' title='bbox 358 872 577 936; x_wconf 89' lang='lat' dir='ltr'>membrorum</span> <span class='ocrx_word' id='word_1_41' title='bbox 599 891 732 936; x_wconf 92' lang='lat' dir='ltr'>numero</span> <span class='ocrx_word' id='word_1_42' title='bbox 754 878 945 936; x_wconf 82' lang='lat' dir='ltr'>remanente</span> <span class='ocrx_word' id='word_1_43' title='bbox 967 890 1147 936; x_wconf 88' lang='lat' dir='ltr'>sacrorum.</span> 
     </span>
     <span class='ocr_line' id='line_1_9' title="bbox 124 956 1022 1043; baseline 0.003 -25"><span class='ocrx_word' id='word_1_44' title='bbox 124 981 162 1019; x_wconf 78' lang='lat' dir='ltr'>no</span> <span class='ocrx_word' id='word_1_45' title='bbox 233 957 299 1022; x_wconf 87' lang='lat' dir='ltr'>Sed</span> <span class='ocrx_word' id='word_1_46' title='bbox 323 959 397 1043; x_wconf 91' lang='lat' dir='ltr'>quia</span> <span class='ocrx_word' id='word_1_47' title='bbox 418 959 488 1022; x_wconf 90' lang='lat' dir='ltr'>iure</span> <span class='ocrx_word' id='word_1_48' title='bbox 510 959 572 1042; x_wconf 90' lang='lat' dir='ltr'>piis</span> <span class='ocrx_word' id='word_1_49' title='bbox 595 956 776 1022; x_wconf 88' lang='lat' dir='ltr'>concedere</span> <span class='ocrx_word' id='word_1_50' title='bbox 799 956 905 1022; x_wconf 87' lang='lat' dir='ltr'>debeo</span> <span class='ocrx_word' id='word_1_51' title='bbox 928 958 1022 1039; x_wconf 85' lang='lat' dir='ltr'>votis,</span> 
     </span>
    </p>

    <p class='ocr_par' dir='ltr' id='par_1_8' title="bbox 230 1043 971 1130">
     <span class='ocr_line' id='line_1_10' title="bbox 230 1043 971 1130; baseline 0.001 -22"><span class='ocrx_word' id='word_1_52' title='bbox 230 1045 411 1108; x_wconf 83' lang='lat' dir='ltr'>Amborum</span> <span class='ocrx_word' id='word_1_53' title='bbox 433 1045 526 1108; x_wconf 88' lang='lat' dir='ltr'>vobis</span> <span class='ocrx_word' id='word_1_54' title='bbox 549 1043 678 1107; x_wconf 79' lang='lat' dir='ltr'>donabo</span> <span class='ocrx_word' id='word_1_55' title='bbox 702 1045 838 1129; x_wconf 82' lang='lat' dir='ltr'>pignore</span> <span class='ocrx_word' id='word_1_56' title='bbox 860 1044 971 1130; x_wconf 79' lang='lat' dir='ltr'>gratis,</span> 
     </span>
    </p>

    <p class='ocr_par' dir='ltr' id='par_1_9' title="bbox 235 1129 1057 1216">
     <span class='ocr_line' id='line_1_11' title="bbox 235 1129 1057 1216; baseline 0.001 -22"><span class='ocrx_word' id='word_1_57' title='bbox 235 1129 432 1216; x_wconf 83' lang='lat' dir='ltr'>Corporibus</span> <span class='ocrx_word' id='word_1_58' title='bbox 454 1131 553 1195; x_wconf 82' lang='lat' dir='ltr'>sceris</span> <span class='ocrx_word' id='word_1_59' title='bbox 576 1129 703 1194; x_wconf 88' lang='lat' dir='ltr'>abscisa</span> <span class='ocrx_word' id='word_1_60' title='bbox 725 1136 876 1216; x_wconf 78' lang='lat' dir='ltr'>patenter</span> <span class='ocrx_word' id='word_1_61' title='bbox 897 1129 940 1194; x_wconf 88' lang='lat' dir='ltr'>ab</span> <span class='ocrx_word' id='word_1_62' title='bbox 962 1131 1057 1216; x_wconf 89' lang='lat' dir='ltr'>ipsis;</span> 
     </span>
    </p>

    <p class='ocr_par' dir='ltr' id='par_1_10' title="bbox 234 1216 931 1297">
     <span class='ocr_line' id='line_1_12' title="bbox 234 1216 931 1297; baseline 0 -17"><span class='ocrx_word' id='word_1_63' title='bbox 234 1216 268 1280; x_wconf 87' lang='lat' dir='ltr'>Si</span> <span class='ocrx_word' id='word_1_64' title='bbox 292 1224 493 1280; x_wconf 87' lang='lat' dir='ltr'>sacramento</span> <span class='ocrx_word' id='word_1_65' title='bbox 517 1217 712 1280; x_wconf 83' lang='lat' dir='ltr'>confirmetis</span> <span class='ocrx_word' id='word_1_66' title='bbox 734 1216 811 1280; x_wconf 94' lang='lat' dir='ltr'>mihi</span> <span class='ocrx_word' id='word_1_67' title='bbox 835 1217 931 1297; x_wconf 84' lang='lat' dir='ltr'>facto,</span> 
     </span>
    </p>

    <p class='ocr_par' dir='ltr' id='par_1_11' title="bbox 236 1301 1010 1367">
     <span class='ocr_line' id='line_1_13' title="bbox 236 1301 1010 1367; baseline 0 -1"><span class='ocrx_word' id='word_1_68' title='bbox 236 1301 331 1366; x_wconf 88' lang='lat' dir='ltr'>Haec</span> <span class='ocrx_word' id='word_1_69' title='bbox 353 1303 387 1366; x_wconf 93' lang='lat' dir='ltr'>iu</span> <span class='ocrx_word' id='word_1_70' title='bbox 409 1302 557 1367; x_wconf 90' lang='lat' dir='ltr'>coenobii</span> <span class='ocrx_word' id='word_1_71' title='bbox 581 1303 729 1366; x_wconf 84' lang='lat' dir='ltr'>venerari</span> <span class='ocrx_word' id='word_1_72' title='bbox 750 1304 814 1367; x_wconf 91' lang='lat' dir='ltr'>iam</span> <span class='ocrx_word' id='word_1_73' title='bbox 838 1303 1010 1367; x_wconf 83' lang='lat' dir='ltr'>memorati</span> 
     </span>
    </p>

    <p class='ocr_par' dir='ltr' id='par_1_12' title="bbox 232 1388 995 1472">
     <span class='ocr_line' id='line_1_14' title="bbox 232 1388 995 1472; baseline 0.003 -21"><span class='ocrx_word' id='word_1_74' title='bbox 232 1388 411 1452; x_wconf 84' lang='lat' dir='ltr'>Finctenns</span> <span class='ocrx_word' id='word_1_75' title='bbox 433 1388 555 1472; x_wconf 88' lang='lat' dir='ltr'>templo</span> <span class='ocrx_word' id='word_1_76' title='bbox 579 1390 677 1452; x_wconf 80' lang='lat' dir='ltr'>vestri</span> <span class='ocrx_word' id='word_1_77' title='bbox 699 1389 873 1453; x_wconf 91' lang='lat' dir='ltr'>munimine</span> <span class='ocrx_word' id='word_1_78' title='bbox 896 1388 995 1470; x_wconf 85' lang='lat' dir='ltr'>lacto,</span> 
     </span>
    </p>

    <p class='ocr_par' dir='ltr' id='par_1_13' title="bbox 232 1471 1090 1560">
     <span class='ocr_line' id='line_1_15' title="bbox 232 1471 1090 1560; baseline -0.001 -23"><span class='ocrx_word' id='word_1_79' title='bbox 232 1472 338 1539; x_wconf 85' lang='lat' dir='ltr'>Nocte</span> <span class='ocrx_word' id='word_1_80' title='bbox 362 1474 480 1560; x_wconf 89' lang='lat' dir='ltr'>dieque</span> <span class='ocrx_word' id='word_1_81' title='bbox 504 1474 602 1538; x_wconf 80' lang='lat' dir='ltr'>saeris</span> <span class='ocrx_word' id='word_1_82' title='bbox 625 1475 689 1538; x_wconf 93' lang='lat' dir='ltr'>illic</span> <span class='ocrx_word' id='word_1_83' title='bbox 712 1474 938 1539; x_wconf 81' lang='lat' dir='ltr'>resonantibus</span> <span class='ocrx_word' id='word_1_84' title='bbox 960 1471 1090 1558; x_wconf 83' lang='lat' dir='ltr'>hymnis</span> 
     </span>
    </p>

    <p class='ocr_par' dir='ltr' id='par_1_14' title="bbox 235 1559 1032 1645">
     <span class='ocr_line' id='line_1_16' title="bbox 235 1559 1032 1645; baseline -0.001 -21"><span class='ocrx_word' id='word_1_85' title='bbox 235 1559 370 1624; x_wconf 88' lang='lat' dir='ltr'>Necnon</span> <span class='ocrx_word' id='word_1_86' title='bbox 394 1580 530 1624; x_wconf 89' lang='lat' dir='ltr'>accenso</span> <span class='ocrx_word' id='word_1_87' title='bbox 553 1560 721 1645; x_wconf 88' lang='lat' dir='ltr'>praeclaro</span> <span class='ocrx_word' id='word_1_88' title='bbox 743 1561 864 1625; x_wconf 89' lang='lat' dir='ltr'>lumine</span> <span class='ocrx_word' id='word_1_89' title='bbox 886 1579 1032 1645; x_wconf 77' lang='lat' dir='ltr'>semper3</span> 
     </span>
    </p>

    <p class='ocr_par' dir='ltr' id='par_1_15' title="bbox 237 1646 1003 1731">
     <span class='ocr_line' id='line_1_17' title="bbox 237 1646 1003 1731; baseline 0 -21"><span class='ocrx_word' id='word_1_90' title='bbox 237 1646 311 1710; x_wconf 91' lang='lat' dir='ltr'>Hoc</span> <span class='ocrx_word' id='word_1_91' title='bbox 335 1654 368 1709; x_wconf 87' lang='lat' dir='ltr'>et</span> <span class='ocrx_word' id='word_1_92' title='bbox 390 1647 560 1731; x_wconf 89' lang='lat' dir='ltr'>apostolici</span> <span class='ocrx_word' id='word_1_93' title='bbox 581 1647 668 1728; x_wconf 88' lang='lat' dir='ltr'>iuris,</span> <span class='ocrx_word' id='word_1_94' title='bbox 692 1647 775 1711; x_wconf 89' lang='lat' dir='ltr'>sicut</span> <span class='ocrx_word' id='word_1_95' title='bbox 797 1654 831 1711; x_wconf 87' lang='lat' dir='ltr'>et</span> <span class='ocrx_word' id='word_1_96' title='bbox 852 1646 1003 1731; x_wconf 88' lang='lat' dir='ltr'>petiistis,</span> 
     </span>
    </p>

    <p class='ocr_par' dir='ltr' id='par_1_16' title="bbox 233 1731 938 1817">
     <span class='ocr_line' id='line_1_18' title="bbox 233 1731 938 1817; baseline -0.001 -21"><span class='ocrx_word' id='word_1_97' title='bbox 233 1731 435 1797; x_wconf 83' lang='lat' dir='ltr'>Coenobinm</span> <span class='ocrx_word' id='word_1_98' title='bbox 458 1733 558 1796; x_wconf 91' lang='lat' dir='ltr'>nostri</span> <span class='ocrx_word' id='word_1_99' title='bbox 582 1731 790 1817; x_wconf 82' lang='lat' dir='ltr'>designamus</span> <span class='ocrx_word' id='word_1_100' title='bbox 813 1732 938 1813; x_wconf 87' lang='lat' dir='ltr'>ditioni,</span> 
     </span>
    </p>

    <p class='ocr_par' dir='ltr' id='par_1_17' title="bbox 234 1816 986 1888">
     <span class='ocr_line' id='line_1_19' title="bbox 234 1816 986 1888; baseline -0.003 -5"><span class='ocrx_word' id='word_1_101' title='bbox 234 1818 280 1883; x_wconf 92' lang='lat' dir='ltr'>Ut</span> <span class='ocrx_word' id='word_1_102' title='bbox 302 1825 502 1882; x_wconf 87' lang='lat' dir='ltr'>terrenorum</span> <span class='ocrx_word' id='word_1_103' title='bbox 526 1819 568 1881; x_wconf 90' lang='lat' dir='ltr'>sit</span> <span class='ocrx_word' id='word_1_104' title='bbox 589 1838 737 1888; x_wconf 89' lang='lat' dir='ltr'>securum</span> <span class='ocrx_word' id='word_1_105' title='bbox 760 1816 986 1883; x_wconf 69' lang='lat' dir='ltr'>dominorum?</span> 
     </span>
    </p>

    <p class='ocr_par' dir='ltr' id='par_1_18' title="bbox 233 1902 1041 1989">
     <span class='ocr_line' id='line_1_20' title="bbox 233 1902 1041 1989; baseline -0.001 -21"><span class='ocrx_word' id='word_1_106' title='bbox 233 1904 295 1968; x_wconf 88' lang='lat' dir='ltr'>His</span> <span class='ocrx_word' id='word_1_107' title='bbox 318 1904 385 1968; x_wconf 82' lang='lat' dir='ltr'>dux</span> <span class='ocrx_word' id='word_1_108' title='bbox 407 1905 572 1989; x_wconf 89' lang='lat' dir='ltr'>promissis</span> <span class='ocrx_word' id='word_1_109' title='bbox 594 1906 735 1969; x_wconf 87' lang='lat' dir='ltr'>laetatus</span> <span class='ocrx_word' id='word_1_110' title='bbox 758 1904 855 1970; x_wconf 89' lang='lat' dir='ltr'>corde</span> <span class='ocrx_word' id='word_1_111' title='bbox 878 1902 1041 1982; x_wconf 80' lang='lat' dir='ltr'>verendis,</span> 
     </span>
    </p>

    <p class='ocr_par' dir='ltr' id='par_1_19' title="bbox 235 1990 992 2075">
     <span class='ocr_line' id='line_1_21' title="bbox 235 1990 992 2075; baseline 0.003 -22"><span class='ocrx_word' id='word_1_112' title='bbox 235 1990 397 2054; x_wconf 83' lang='lat' dir='ltr'>Mendetis</span> <span class='ocrx_word' id='word_1_113' title='bbox 420 2011 455 2054; x_wconf 89' lang='lat' dir='ltr'>se</span> <span class='ocrx_word' id='word_1_114' title='bbox 478 1990 638 2075; x_wconf 89' lang='lat' dir='ltr'>pontificis</span> <span class='ocrx_word' id='word_1_115' title='bbox 661 1991 777 2055; x_wconf 89' lang='lat' dir='ltr'>summi</span> <span class='ocrx_word' id='word_1_116' title='bbox 799 1991 869 2055; x_wconf 83' lang='lat' dir='ltr'>iore</span> <span class='ocrx_word' id='word_1_117' title='bbox 891 1991 992 2055; x_wconf 87' lang='lat' dir='ltr'>saeris</span> 
     </span>
    </p>

    <p class='ocr_par' dir='ltr' id='par_1_20' title="bbox 233 2075 1016 2162">
     <span class='ocr_line' id='line_1_22' title="bbox 233 2075 1016 2162; baseline 0 -23"><span class='ocrx_word' id='word_1_118' title='bbox 233 2076 314 2140; x_wconf 83' lang='lat' dir='ltr'>Mox</span> <span class='ocrx_word' id='word_1_119' title='bbox 337 2097 566 2162; x_wconf 90' lang='lat' dir='ltr'>responsurum</span> <span class='ocrx_word' id='word_1_120' title='bbox 591 2077 694 2157; x_wconf 79' lang='lat' dir='ltr'>iactis,</span> <span class='ocrx_word' id='word_1_121' title='bbox 717 2077 830 2162; x_wconf 80' lang='lat' dir='ltr'>inquit,</span> <span class='ocrx_word' id='word_1_122' title='bbox 853 2075 1016 2150; x_wconf 84' lang='lat' dir='ltr'>studiosis,</span> 
     </span>
    </p>
   </div>
   <div class='ocr_carea' id='block_1_3' title="bbox 233 2246 1145 3540">
    <p class='ocr_par' dir='ltr' id='par_1_21' title="bbox 236 2246 1042 2333">
     <span class='ocr_line' id='line_1_23' title="bbox 236 2246 1042 2333; baseline 0.001 -23"><span class='ocrx_word' id='word_1_123' title='bbox 236 2247 299 2320; x_wconf 81' lang='lat' dir='ltr'>Qui</span> <span class='ocrx_word' id='word_1_124' title='bbox 322 2249 408 2312; x_wconf 84' lang='lat' dir='ltr'>foret</span> <span class='ocrx_word' id='word_1_125' title='bbox 431 2250 569 2313; x_wconf 89' lang='lat' dir='ltr'>ecclesia</span> <span class='ocrx_word' id='word_1_126' title='bbox 592 2248 707 2333; x_wconf 76' lang='lat' dir='ltr'>dignus</span> <span class='ocrx_word' id='word_1_127' title='bbox 729 2268 806 2312; x_wconf 83' lang='lat' dir='ltr'>mox</span> <span class='ocrx_word' id='word_1_128' title='bbox 829 2246 1042 2313; x_wconf 85' lang='lat' dir='ltr'>aedificanda.</span> 
     </span>
    </p>

    <p class='ocr_par' dir='ltr' id='par_1_22' title="bbox 234 2333 1144 2763">
     <span class='ocr_line' id='line_1_24' title="bbox 278 2333 1083 2415; baseline 0.001 -17"><span class='ocrx_word' id='word_1_129' title='bbox 278 2333 324 2398; x_wconf 89' lang='lat' dir='ltr'>Ut</span> <span class='ocrx_word' id='word_1_130' title='bbox 346 2334 410 2398; x_wconf 80' lang='lat' dir='ltr'>fert</span> <span class='ocrx_word' id='word_1_131' title='bbox 433 2335 605 2399; x_wconf 87' lang='lat' dir='ltr'>multorum</span> <span class='ocrx_word' id='word_1_132' title='bbox 628 2335 789 2400; x_wconf 86' lang='lat' dir='ltr'>sententia</span> <span class='ocrx_word' id='word_1_133' title='bbox 812 2354 889 2399; x_wconf 86' lang='lat' dir='ltr'>rare</span> <span class='ocrx_word' id='word_1_134' title='bbox 911 2333 1083 2415; x_wconf 71' lang='lat' dir='ltr'>edentum,</span> 
     </span>
     <span class='ocr_line' id='line_1_25' title="bbox 236 2420 1078 2502; baseline 0.002 -19"><span class='ocrx_word' id='word_1_135' title='bbox 236 2420 390 2485; x_wconf 82' lang='lat' dir='ltr'>Proxima</span> <span class='ocrx_word' id='word_1_136' title='bbox 413 2420 570 2485; x_wconf 90' lang='lat' dir='ltr'>coenobio</span> <span class='ocrx_word' id='word_1_137' title='bbox 594 2421 701 2485; x_wconf 83' lang='lat' dir='ltr'>fuerat</span> <span class='ocrx_word' id='word_1_138' title='bbox 722 2427 798 2485; x_wconf 88' lang='lat' dir='ltr'>tunc</span> <span class='ocrx_word' id='word_1_139' title='bbox 820 2420 947 2502; x_wconf 85' lang='lat' dir='ltr'>silvula,</span> <span class='ocrx_word' id='word_1_140' title='bbox 970 2420 1078 2485; x_wconf 86' lang='lat' dir='ltr'>cineta</span> 
     </span>
     <span class='ocr_line' id='line_1_26' title="bbox 236 2506 1144 2593; baseline 0.006 -23"><span class='ocrx_word' id='word_1_141' title='bbox 236 2506 381 2570; x_wconf 80' lang='lat' dir='ltr'>Collibus</span> <span class='ocrx_word' id='word_1_142' title='bbox 403 2507 573 2586; x_wconf 87' lang='lat' dir='ltr'>umbrosis,</span> <span class='ocrx_word' id='word_1_143' title='bbox 598 2506 713 2592; x_wconf 90' lang='lat' dir='ltr'>quibus</span> <span class='ocrx_word' id='word_1_144' title='bbox 737 2514 771 2570; x_wconf 90' lang='lat' dir='ltr'>et</span> <span class='ocrx_word' id='word_1_145' title='bbox 792 2527 851 2571; x_wconf 88' lang='lat' dir='ltr'>nos</span> <span class='ocrx_word' id='word_1_146' title='bbox 874 2506 1034 2591; x_wconf 77' lang='lat' dir='ltr'>cingimur</span> <span class='ocrx_word' id='word_1_147' title='bbox 1054 2507 1144 2593; x_wconf 81' lang='lat' dir='ltr'>ipsis:</span> 
     </span>
     <span class='ocr_line' id='line_1_27' title="bbox 234 2592 1008 2679; baseline 0.001 -23"><span class='ocrx_word' id='word_1_148' title='bbox 234 2592 369 2656; x_wconf 87' lang='lat' dir='ltr'>Necnon</span> <span class='ocrx_word' id='word_1_149' title='bbox 392 2594 425 2656; x_wconf 94' lang='lat' dir='ltr'>in</span> <span class='ocrx_word' id='word_1_150' title='bbox 448 2593 528 2656; x_wconf 80' lang='lat' dir='ltr'>silus</span> <span class='ocrx_word' id='word_1_151' title='bbox 551 2593 657 2658; x_wconf 83' lang='lat' dir='ltr'>inerat</span> <span class='ocrx_word' id='word_1_152' title='bbox 679 2594 742 2657; x_wconf 90' lang='lat' dir='ltr'>sita</span> <span class='ocrx_word' id='word_1_153' title='bbox 763 2593 897 2679; x_wconf 83' lang='lat' dir='ltr'>perrnla</span> <span class='ocrx_word' id='word_1_154' title='bbox 920 2592 1008 2673; x_wconf 82' lang='lat' dir='ltr'>villu,</span> 
     </span>
     <span class='ocr_line' id='line_1_28' title="bbox 237 2677 983 2763; baseline 0 -21"><span class='ocrx_word' id='word_1_155' title='bbox 237 2678 274 2742; x_wconf 94' lang='lat' dir='ltr'>ln</span> <span class='ocrx_word' id='word_1_156' title='bbox 298 2699 363 2763; x_wconf 88' lang='lat' dir='ltr'>qna</span> <span class='ocrx_word' id='word_1_157' title='bbox 384 2677 524 2743; x_wconf 89' lang='lat' dir='ltr'>Lindnlfi</span> <span class='ocrx_word' id='word_1_158' title='bbox 550 2681 636 2744; x_wconf 90' lang='lat' dir='ltr'>soliti</span> <span class='ocrx_word' id='word_1_159' title='bbox 659 2679 823 2744; x_wconf 87' lang='lat' dir='ltr'>stabulare</span> <span class='ocrx_word' id='word_1_160' title='bbox 847 2678 983 2758; x_wconf 82' lang='lat' dir='ltr'>subulci,</span> 
     </span>
    </p>

    <p class='ocr_par' dir='ltr' id='par_1_23' title="bbox 234 2764 964 2851">
     <span class='ocr_line' id='line_1_29' title="bbox 234 2764 964 2851; baseline 0.001 -23"><span class='ocrx_word' id='word_1_161' title='bbox 234 2764 323 2829; x_wconf 86' lang='lat' dir='ltr'>Intra</span> <span class='ocrx_word' id='word_1_162' title='bbox 345 2772 461 2850; x_wconf 88' lang='lat' dir='ltr'>saepta</span> <span class='ocrx_word' id='word_1_163' title='bbox 482 2766 542 2829; x_wconf 78' lang='lat' dir='ltr'>uiri</span> <span class='ocrx_word' id='word_1_164' title='bbox 566 2764 732 2830; x_wconf 80' lang='lat' dir='ltr'>cuiusdam</span> <span class='ocrx_word' id='word_1_165' title='bbox 755 2766 841 2829; x_wconf 88' lang='lat' dir='ltr'>lassa</span> <span class='ocrx_word' id='word_1_166' title='bbox 863 2764 964 2851; x_wconf 90' lang='lat' dir='ltr'>quieti</span> 
     </span>
    </p>

    <p class='ocr_par' dir='ltr' id='par_1_24' title="bbox 233 2850 1145 3279">
     <span class='ocr_line' id='line_1_30' title="bbox 236 2850 1091 2938; baseline 0 -23"><span class='ocrx_word' id='word_1_167' title='bbox 236 2850 381 2937; x_wconf 82' lang='lat' dir='ltr'>Corpore</span> <span class='ocrx_word' id='word_1_168' title='bbox 404 2852 567 2916; x_wconf 87' lang='lat' dir='ltr'>nocturnis</span> <span class='ocrx_word' id='word_1_169' title='bbox 589 2871 648 2916; x_wconf 91' lang='lat' dir='ltr'>sua</span> <span class='ocrx_word' id='word_1_170' title='bbox 671 2871 883 2938; x_wconf 85' lang='lat' dir='ltr'>composuere</span> <span class='ocrx_word' id='word_1_171' title='bbox 906 2850 967 2915; x_wconf 88' lang='lat' dir='ltr'>sub</span> <span class='ocrx_word' id='word_1_172' title='bbox 991 2850 1091 2933; x_wconf 87' lang='lat' dir='ltr'>boris,</span> 
     </span>
     <span class='ocr_line' id='line_1_31' title="bbox 234 2937 1111 3024; baseline 0 -23"><span class='ocrx_word' id='word_1_173' title='bbox 234 2937 320 3001; x_wconf 90' lang='lat' dir='ltr'>Dum</span> <span class='ocrx_word' id='word_1_174' title='bbox 343 2937 404 3001; x_wconf 91' lang='lat' dir='ltr'>sibi</span> <span class='ocrx_word' id='word_1_175' title='bbox 427 2939 613 3002; x_wconf 89' lang='lat' dir='ltr'>commissos</span> <span class='ocrx_word' id='word_1_176' title='bbox 636 2937 803 3002; x_wconf 87' lang='lat' dir='ltr'>debebant</span> <span class='ocrx_word' id='word_1_177' title='bbox 824 2957 961 3024; x_wconf 88' lang='lat' dir='ltr'>pascere</span> <span class='ocrx_word' id='word_1_178' title='bbox 983 2956 1111 3023; x_wconf 84' lang='lat' dir='ltr'>porcos.</span> 
     </span>
     <span class='ocr_line' id='line_1_32' title="bbox 234 3022 1145 3109; baseline 0.002 -22"><span class='ocrx_word' id='word_1_179' title='bbox 234 3023 298 3087; x_wconf 87' lang='lat' dir='ltr'>Hic</span> <span class='ocrx_word' id='word_1_180' title='bbox 322 3022 495 3109; x_wconf 87' lang='lat' dir='ltr'>quondam,</span> <span class='ocrx_word' id='word_1_181' title='bbox 520 3045 592 3089; x_wconf 90' lang='lat' dir='ltr'>cum</span> <span class='ocrx_word' id='word_1_182' title='bbox 615 3031 799 3089; x_wconf 87' lang='lat' dir='ltr'>sanctorum</span> <span class='ocrx_word' id='word_1_183' title='bbox 820 3022 1011 3089; x_wconf 75' lang='lat' dir='ltr'>uenerabile</span> <span class='ocrx_word' id='word_1_184' title='bbox 1034 3024 1145 3089; x_wconf 78' lang='lat' dir='ltr'>fostun</span> 
     </span>
     <span class='ocr_line' id='line_1_33' title="bbox 235 3108 1138 3196; baseline 0.003 -24"><span class='ocrx_word' id='word_1_185' title='bbox 235 3109 332 3173; x_wconf 87' lang='lat' dir='ltr'>Esset</span> <span class='ocrx_word' id='word_1_186' title='bbox 355 3117 541 3174; x_wconf 87' lang='lat' dir='ltr'>cunctorum</span> <span class='ocrx_word' id='word_1_187' title='bbox 566 3131 644 3174; x_wconf 80' lang='lat' dir='ltr'>mox</span> <span class='ocrx_word' id='word_1_188' title='bbox 666 3116 741 3196; x_wconf 90' lang='lat' dir='ltr'>post</span> <span class='ocrx_word' id='word_1_189' title='bbox 763 3108 897 3175; x_wconf 90' lang='lat' dir='ltr'>biduum</span> <span class='ocrx_word' id='word_1_190' title='bbox 920 3108 1138 3175; x_wconf 78' lang='lat' dir='ltr'>celebrandus</span> 
     </span>
     <span class='ocr_line' id='line_1_34' title="bbox 233 3195 1032 3279; baseline 0.003 -21"><span class='ocrx_word' id='word_1_191' title='bbox 233 3195 301 3259; x_wconf 81' lang='lat' dir='ltr'>Sub</span> <span class='ocrx_word' id='word_1_192' title='bbox 324 3197 428 3260; x_wconf 88' lang='lat' dir='ltr'>noctis</span> <span class='ocrx_word' id='word_1_193' title='bbox 451 3197 555 3260; x_wconf 87' lang='lat' dir='ltr'>claras</span> <span class='ocrx_word' id='word_1_194' title='bbox 577 3196 721 3261; x_wconf 91' lang='lat' dir='ltr'>tenebris</span> <span class='ocrx_word' id='word_1_195' title='bbox 743 3195 859 3262; x_wconf 79' lang='lat' dir='ltr'>erdere</span> <span class='ocrx_word' id='word_1_196' title='bbox 883 3196 1032 3279; x_wconf 84' lang='lat' dir='ltr'>lucernas</span> 
     </span>
    </p>

    <p class='ocr_par' dir='ltr' id='par_1_25' title="bbox 236 3281 893 3369">
     <span class='ocr_line' id='line_1_35' title="bbox 236 3281 893 3369; baseline 0.006 -26"><span class='ocrx_word' id='word_1_197' title='bbox 236 3281 272 3343; x_wconf 92' lang='lat' dir='ltr'>ln</span> <span class='ocrx_word' id='word_1_198' title='bbox 297 3282 377 3345; x_wconf 86' lang='lat' dir='ltr'>silva</span> <span class='ocrx_word' id='word_1_199' title='bbox 401 3282 518 3346; x_wconf 88' lang='lat' dir='ltr'>multas</span> <span class='ocrx_word' id='word_1_200' title='bbox 542 3284 602 3369; x_wconf 91' lang='lat' dir='ltr'>ipsi</span> <span class='ocrx_word' id='word_1_201' title='bbox 624 3282 736 3347; x_wconf 78' lang='lat' dir='ltr'>uidere</span> <span class='ocrx_word' id='word_1_202' title='bbox 759 3282 893 3348; x_wconf 89' lang='lat' dir='ltr'>subulci.</span> 
     </span>
    </p>

    <p class='ocr_par' dir='ltr' id='par_1_26' title="bbox 236 3366 963 3453">
     <span class='ocr_line' id='line_1_36' title="bbox 236 3366 963 3453; baseline 0.003 -24"><span class='ocrx_word' id='word_1_203' title='bbox 236 3366 298 3430; x_wconf 86' lang='lat' dir='ltr'>His</span> <span class='ocrx_word' id='word_1_204' title='bbox 321 3368 407 3447; x_wconf 87' lang='lat' dir='ltr'>visis,</span> <span class='ocrx_word' id='word_1_205' title='bbox 431 3370 535 3433; x_wconf 87' lang='lat' dir='ltr'>cuncti</span> <span class='ocrx_word' id='word_1_206' title='bbox 558 3369 757 3434; x_wconf 88' lang='lat' dir='ltr'>mirabantur</span> <span class='ocrx_word' id='word_1_207' title='bbox 779 3368 963 3453; x_wconf 77' lang='lat' dir='ltr'>stupefacti,</span> 
     </span>
    </p>

    <p class='ocr_par' dir='ltr' id='par_1_27' title="bbox 239 3452 1077 3540">
     <span class='ocr_line' id='line_1_37' title="bbox 239 3452 1077 3540; baseline 0.004 -25"><span class='ocrx_word' id='word_1_208' title='bbox 239 3453 324 3525; x_wconf 83' lang='lat' dir='ltr'>Quid</span> <span class='ocrx_word' id='word_1_209' title='bbox 347 3473 431 3517; x_wconf 80' lang='lat' dir='ltr'>nora</span> <span class='ocrx_word' id='word_1_210' title='bbox 454 3454 654 3540; x_wconf 87' lang='lat' dir='ltr'>splendentis</span> <span class='ocrx_word' id='word_1_211' title='bbox 678 3455 776 3520; x_wconf 84' lang='lat' dir='ltr'>vellet</span> <span class='ocrx_word' id='word_1_212' title='bbox 798 3455 860 3520; x_wconf 90' lang='lat' dir='ltr'>sibi</span> <span class='ocrx_word' id='word_1_213' title='bbox 881 3454 963 3518; x_wconf 81' lang='lat' dir='ltr'>risio</span> <span class='ocrx_word' id='word_1_214' title='bbox 986 3452 1077 3535; x_wconf 83' lang='lat' dir='ltr'>lucis,</span> 
     </span>
    </p>
   </div>
   <div class='ocr_carea' id='block_1_4' title="bbox 127 3642 1087 3851">
    <p class='ocr_par' dir='ltr' id='par_1_28' title="bbox 127 3642 1087 3851">
     <span class='ocr_line' id='line_1_38' title="bbox 218 3642 1087 3699; baseline 0.005 -4"><span class='ocrx_word' id='word_1_215' title='bbox 218 3642 269 3695; x_wconf 86' lang='grc'>168</span> <span class='ocrx_word' id='word_1_216' title='bbox 286 3646 453 3697; x_wconf 80' lang='lat' dir='ltr'>subtraxerat</span> <span class='ocrx_word' id='word_1_217' title='bbox 470 3647 506 3698; x_wconf 78' lang='lat' dir='ltr'>sr&#39;c</span> <span class='ocrx_word' id='word_1_218' title='bbox 524 3648 546 3697; x_wconf 84' lang='lat'>1:</span> <span class='ocrx_word' id='word_1_219' title='bbox 568 3647 647 3698; x_wconf 84' lang='lat' dir='ltr'>·ritb</span> <span class='ocrx_word' id='word_1_220' title='bbox 735 3644 785 3698; x_wconf 76' lang='lat'>172</span> <span class='ocrx_word' id='word_1_221' title='bbox 812 3647 901 3699; x_wconf 79' lang='lat' dir='ltr'>abcisa</span> <span class='ocrx_word' id='word_1_222' title='bbox 919 3646 948 3699; x_wconf 79' lang='lat' dir='ltr'>bl</span> <span class='ocrx_word' id='word_1_223' title='bbox 1034 3643 1087 3699; x_wconf 78' lang='lat' dir='ltr'>lto</span> 
     </span>
     <span class='ocr_line' id='line_1_39' title="bbox 129 3708 1085 3783; baseline 0.009 -23"><span class='ocrx_word' id='word_1_224' title='bbox 129 3708 178 3763; x_wconf 76' lang='lat' dir='ltr'>nr</span> <span class='ocrx_word' id='word_1_225' title='bbox 207 3715 350 3767; x_wconf 63' lang='lat' dir='ltr'>mensur</span> <span class='ocrx_word' id='word_1_226' title='bbox 451 3714 501 3766; x_wconf 79' lang='lat' dir='ltr'>isi</span> <span class='ocrx_word' id='word_1_227' title='bbox 526 3717 562 3767; x_wconf 73' lang='lat' dir='ltr'>ur</span> <span class='ocrx_word' id='word_1_228' title='bbox 582 3717 689 3782; x_wconf 74' lang='lat' dir='ltr'>quum</span> <span class='ocrx_word' id='word_1_229' title='bbox 710 3723 770 3768; x_wconf 73' lang='lat' dir='ltr'>err.</span> <span class='ocrx_word' id='word_1_230' title='bbox 789 3715 818 3766; x_wconf 81' lang='lat' dir='ltr'>rr</span> <span class='ocrx_word' id='word_1_231' title='bbox 918 3713 967 3768; x_wconf 81' lang='lat'>181</span> <span class='ocrx_word' id='word_1_232' title='bbox 993 3717 1085 3783; x_wconf 61' lang='lat' dir='ltr'>fores</span> 
     </span>
     <span class='ocr_line' id='line_1_40' title="bbox 127 3781 1078 3851; baseline 0.007 -21"><span class='ocrx_word' id='word_1_233' title='bbox 127 3781 205 3833; x_wconf 78' lang='lat' dir='ltr'>Ilion.</span> <span class='ocrx_word' id='word_1_234' title='bbox 218 3784 270 3835; x_wconf 71' lang='grc'>104</span> <span class='ocrx_word' id='word_1_235' title='bbox 287 3785 379 3850; x_wconf 79' lang='lat' dir='ltr'>app.);</span> <span class='ocrx_word' id='word_1_236' title='bbox 397 3793 425 3835; x_wconf 84' lang='lat' dir='ltr'>ct</span> <span class='ocrx_word' id='word_1_237' title='bbox 440 3785 510 3850; x_wconf 80' lang='lat' dir='ltr'>signi</span> <span class='ocrx_word' id='word_1_238' title='bbox 522 3786 662 3837; x_wconf 82' lang='lat' dir='ltr'>venerandi</span> <span class='ocrx_word' id='word_1_239' title='bbox 677 3785 758 3851; x_wconf 74' lang='lat' dir='ltr'>Omrq.</span> <span class='ocrx_word' id='word_1_240' title='bbox 770 3786 818 3837; x_wconf 82' lang='lat'>137</span> <span class='ocrx_word' id='word_1_241' title='bbox 882 3794 944 3851; x_wconf 78' lang='lat' dir='ltr'>post</span> <span class='ocrx_word' id='word_1_242' title='bbox 959 3803 984 3837; x_wconf 80' lang='lat' dir='ltr'>e.</span> <span class='ocrx_word' id='word_1_243' title='bbox 993 3782 1046 3837; x_wconf 75' lang='lat'>188</span> <span class='ocrx_word' id='word_1_244' title='bbox 1061 3802 1078 3837; x_wconf 77' lang='lat' dir='ltr'>a</span> 
     </span>
    </p>
   </div>
   <div class='ocr_carea' id='block_1_5' title="bbox 125 3852 1073 3985">
    <p class='ocr_par' dir='ltr' id='par_1_29' title="bbox 125 3852 1073 3985">
     <span class='ocr_line' id='line_1_41' title="bbox 125 3852 1073 3922; baseline 0.006 -22"><span class='ocrx_word' id='word_1_245' title='bbox 125 3852 217 3916; x_wconf 68' lang='lat' dir='ltr'>stand,</span> <span class='ocrx_word' id='word_1_246' title='bbox 238 3868 383 3917; x_wconf 77' lang='lat' dir='ltr'>pronomen</span> <span class='ocrx_word' id='word_1_247' title='bbox 406 3853 579 3920; x_wconf 69' lang='lat' dir='ltr'>qui(n.18d)</span> <span class='ocrx_word' id='word_1_248' title='bbox 601 3855 639 3905; x_wconf 85' lang='lat' dir='ltr'>od</span> <span class='ocrx_word' id='word_1_249' title='bbox 660 3854 709 3906; x_wconf 89' lang='lat' dir='ltr'>loci</span> <span class='ocrx_word' id='word_1_250' title='bbox 726 3870 820 3907; x_wconf 74' lang='lat' dir='ltr'>nomen</span> <span class='ocrx_word' id='word_1_251' title='bbox 841 3854 1009 3922; x_wconf 74' lang='lat' dir='ltr'>interceptus·</span> <span class='ocrx_word' id='word_1_252' title='bbox 1023 3870 1073 3920; x_wconf 80' lang='lat' dir='ltr'>per</span> 
     </span>
     <span class='ocr_line' id='line_1_42' title="bbox 125 3918 909 3985; baseline 0.004 -14"><span class='ocrx_word' id='word_1_253' title='bbox 125 3918 174 3983; x_wconf 55' lang='grc' dir='ltr'><em>(σθ’.</em></span> <span class='ocrx_word' id='word_1_254' title='bbox 193 3926 284 3973; x_wconf 83' lang='lat' dir='ltr'>c.107.</span> <span class='ocrx_word' id='word_1_255' title='bbox 303 3922 366 3985; x_wconf 74' lang='lat'>232)</span> <span class='ocrx_word' id='word_1_256' title='bbox 454 3922 504 3974; x_wconf 71' lang='lat'>185</span> <span class='ocrx_word' id='word_1_257' title='bbox 522 3940 584 3975; x_wconf 81' lang='lat' dir='ltr'>vers</span> <span class='ocrx_word' id='word_1_258' title='bbox 602 3925 612 3974; x_wconf 85' lang='lat' dir='ltr'>l</span> <span class='ocrx_word' id='word_1_259' title='bbox 701 3920 751 3975; x_wconf 75' lang='lat'>186</span> <span class='ocrx_word' id='word_1_260' title='bbox 767 3932 864 3976; x_wconf 81' lang='lat' dir='ltr'>cuncta</span> <span class='ocrx_word' id='word_1_261' title='bbox 880 3924 909 3975; x_wconf 79' lang='lat' dir='ltr'>bl</span> 
     </span>
    </p>
   </div>
   <div class='ocr_carea' id='block_1_6' title="bbox 133 4096 1016 4235">
    <p class='ocr_par' dir='ltr' id='par_1_30' title="bbox 133 4096 1016 4235">
     <span class='ocr_line' id='line_1_43' title="bbox 222 4096 1016 4169; baseline 0.008 -21"><span class='ocrx_word' id='word_1_262' title='bbox 222 4096 272 4149; x_wconf 77' lang='lat'>164</span> <span class='ocrx_word' id='word_1_263' title='bbox 291 4109 434 4165; x_wconf 73' lang='lat' dir='ltr'>pastorem:</span> <span class='ocrx_word' id='word_1_264' title='bbox 454 4104 488 4166; x_wconf 74' lang='lat' dir='ltr'>cf.</span> <span class='ocrx_word' id='word_1_265' title='bbox 508 4100 564 4151; x_wconf 83' lang='grc' dir='ltr'><em>ΙοΙι.</em></span> <span class='ocrx_word' id='word_1_266' title='bbox 578 4104 617 4163; x_wconf 77' lang='lat'>21,</span> <span class='ocrx_word' id='word_1_267' title='bbox 628 4106 663 4152; x_wconf 79' lang='lat'>15.</span> <span class='ocrx_word' id='word_1_268' title='bbox 748 4098 798 4152; x_wconf 75' lang='lat'>173</span> <span class='ocrx_word' id='word_1_269' title='bbox 815 4104 850 4169; x_wconf 72' lang='lat' dir='ltr'>cs.</span> <span class='ocrx_word' id='word_1_270' title='bbox 866 4111 928 4169; x_wconf 71' lang='lat' dir='ltr'>qest.</span> <span class='ocrx_word' id='word_1_271' title='bbox 941 4105 1016 4154; x_wconf 74' lang='lat'><strong><em>1492.</em></strong></span> 
     </span>
     <span class='ocr_line' id='line_1_44' title="bbox 133 4167 830 4235; baseline 0.007 -19"><span class='ocrx_word' id='word_1_272' title='bbox 133 4182 244 4218; x_wconf 84' lang='lat' dir='ltr'>accenso</span> <span class='ocrx_word' id='word_1_273' title='bbox 262 4168 473 4233; x_wconf 72' lang='lat' dir='ltr'>conturrycudum.</span> <span class='ocrx_word' id='word_1_274' title='bbox 564 4167 615 4221; x_wconf 87' lang='lat'>193</span> <span class='ocrx_word' id='word_1_275' title='bbox 632 4172 666 4235; x_wconf 79' lang='lat' dir='ltr'>ef.</span> <span class='ocrx_word' id='word_1_276' title='bbox 680 4169 761 4234; x_wconf 80' lang='lat' dir='ltr'>prim.</span> <span class='ocrx_word' id='word_1_277' title='bbox 774 4172 830 4222; x_wconf 74' lang='lat'>377.</span> 
     </span>
    </p>
   </div>
   <div class='ocr_carea' id='block_1_7' title="bbox 0 0 1486 5506">
    <p class='ocr_par' dir='ltr' id='par_1_31' title="bbox 0 0 1486 5506">
     <span class='ocr_line' id='line_1_45' title="bbox 0 0 1486 5506; baseline 0 2"><span class='ocrx_word' id='word_1_278' title='bbox 0 0 1486 5506; x_wconf 95' lang='lat' dir='ltr'> </span> 
     </span>
    </p>
   </div>
  </div>
 </body>
</html>
