2910 5024
513 366 541 423 11
558 368 583 421 6.
601 365 750 436 Sasima.
1147 377 1196 431 183

10 538 36 626 t]
148 535 324 604 Sarranum.
370 537 515 603 Monstra
535 541 620 603 viam
651 542 848 626 praeeundo,
868 548 873 627 Ι
892 565 951 609 nos
974 547 1198 634 subsequimur

61 623 286 690 accelerando.
307 624 312 709 Ι

12 836 44 882 aa.

25 906 67 976 ιι
146 887 337 952 Aurrocuus.
381 883 445 948 Hic
466 884 537 967 ipse
561 889 611 947 est
632 884 817 970 imperator,
840 909 936 972 quem
958 889 992 953 in
1013 891 1094 956 solio
1116 893 1196 958 resi·

61 972 195 1039 dentem
216 971 386 1057 conspiciat
407 971 413 1050 Ι
432 971 630 1055 praecogita,
654 971 730 1055 quid
753 973 902 1058 loquaris.
924 977 929 1054 Ι

148 1058 322 1124 Sarranus.
367 1054 441 1120 Hoc
468 1056 619 1141 prohibet
646 1056 764 1122 Christi
792 1063 962 1141 sententia,
981 1063 987 1146 Ι
1006 1066 1196 1148 promittens
1226 1085 1238 1124 ⁵

62 1146 156 1211 nobis
177 1144 403 1231 insuperabilis
425 1143 604 1227 sapientiae
627 1143 721 1208 dona.
742 1149 747 1231 Ι

23 1224 37 1285 ²
145 1232 316 1297 maranus.
360 1228 434 1294 Huc
456 1228 545 1309 ades,
568 1228 766 1313 Antioche!

145 1318 336 1383 Auruocuus.
379 1316 515 1380 Praesto
538 1336 617 1398 sum,
642 1316 780 1381 domine.
801 1318 806 1401 Ι

147 1407 317 1469 Annianus.
361 1401 526 1486 Numquid
541 1402 603 1465 hae
619 1410 693 1467 suut
707 1405 926 1488 mulierculae,
946 1409 951 1488 Ι
971 1429 1051 1493 quas
1067 1408 1195 1475 defere-

59 1492 118 1555 bas
142 1511 202 1577 pro
225 1489 398 1554 christiana
419 1488 596 1573 religione?
615 1490 621 1572 Ι
1215 1518 1240 1560 10

147 1577 337 1641 Aumocuns.
383 1573 465 1639 Sunt
486 1575 619 1661 plane!

149 1665 318 1726 Annianus.
375 1660 631 1746 Uniuscuiusque
662 1660 931 1746 pulchritudinem
962 1665 1165 1752 obstupesco,
1191 1669 1195 1753 Ι

59 1749 118 1814 sed
143 1758 177 1814 et
198 1749 401 1813 honestatem
424 1747 554 1811 habitus
576 1748 653 1811 satis
676 1747 828 1812 admirari
849 1769 985 1835 nequeo.
1007 1753 1012 1833 Ι

145 1837 337 1900 Aurrocuus.
381 1833 514 1917 Desine,
538 1855 556 1897 o
578 1835 623 1898 mi
639 1835 756 1916 senior,
779 1834 931 1901 admirari
950 1836 955 1922 Ι
976 1843 1009 1901 et
1025 1858 1106 1923 coge
1124 1839 1195 1904 illas

57 1922 139 1988 deos
160 1921 318 1987 venerari.
338 1924 343 2001 Ι
1214 1947 1238 1986 u

12 2014 30 2076 3
148 2010 318 2072 Anauros.
365 2004 460 2084 Quid,
484 2005 510 2068 si
532 2005 604 2069 illas
627 2005 764 2091 primule
780 2007 952 2091 aggrediar
970 2009 1092 2074 blanda
1114 2012 1195 2077 allo·

59 2096 229 2180 quutione,
249 2096 255 2176 Ι
275 2095 302 2157 si
323 2093 407 2157 forte
430 2091 530 2155 velint
552 2091 690 2156 cedere?
710 2091 715 2176 Ι

147 2181 338 2247 bermerius.
379 2177 500 2242 Melius
529 2184 591 2251 est;
618 2198 693 2242 nam
721 2178 879 2262 fragilitas
908 2199 1006 2244 sexus
1035 2182 1167 2248 feminei
1191 2182 1196 2270 Ι

59 2269 188 2333 facilius
210 2272 320 2352 potest
340 2263 568 2329 blandimentis
590 2264 743 2343 molliri!

146 2355 317 2418 Annianus.
361 2351 496 2415 Illustris
518 2356 675 2431 matrona,
695 2351 700 2431 Ι
718 2349 838 2415 blande
867 2356 900 2415 et
922 2352 1031 2437 quiete
1063 2351 1105 2417 ad
1127 2355 1195 2419 cul·
1213 2374 1239 2415 so

58 2448 166 2507 turam
190 2439 325 2504 deorum
348 2444 380 2501 te
403 2438 514 2518 invito,
537 2457 600 2522 quo
623 2443 733 2500 nostra
755 2436 876 2521 perfrui
898 2439 1001 2522 possis
1024 2441 1194 2513 amititia!

10 2530 28 2587 t
146 2527 322 2591 Sumturus.
367 2523 437 2588 Nec
458 2524 492 2587 in
508 2524 631 2587 cultura
647 2523 781 2588 deorum
798 2523 860 2586 tuis
875 2525 959 2588 votis
974 2527 1193 2614 satisfacere!

51 2634 119 2679 neo
142 2613 319 2676 amicitiam
341 2615 449 2674 tecum
472 2610 576 2694 gestio
599 2610 715 2687 iniret

148 2698 318 2764 Ananuus.
362 2695 489 2777 Adhuc,
512 2697 659 2781 mitigato
681 2696 799 2775 furore,
819 2701 824 2770 1
843 2695 931 2759 nulla
953 2697 986 2760 in
1008 2704 1041 2763 te
1064 2719 1197 2763 moveor

60 2784 295 2870 indignatione,
314 2786 320 2865 Ι
340 2781 398 2846 sed
424 2802 483 2867 pro
511 2789 567 2846 tua
593 2784 704 2867 tuique
735 2781 870 2845 filiarum
899 2783 1003 2848 salute
1029 2786 1034 2869 Ι
1060 2791 1194 2871 paterno
1213 2803 1238 2844 aa

10 2922 31 2968 7
58 2872 215 2936 sollicitor
236 2890 357 2934 amore.
378 2872 383 2948 Ι

12 2955 38 3049 5'
145 2957 321 3021 Serranum.
365 2955 486 3032 Nolite,
505 2974 599 3018 meae
616 2954 712 3034 tiliae,
727 2953 730 3035 Ι
745 2954 937 3038 serpentinis
952 2954 1046 3019 huius
1062 2962 1194 3020 satanae

56 3044 228 3109 lenociniis
250 3064 306 3107 cor
328 3060 503 3142 apponere,
523 3044 528 3122 Ι
549 3039 607 3104 sed
629 3040 762 3104 meatim
784 3039 936 3104 fastidite.
957 3046 962 3119 Ι
1208 3047 1256 3114 sot.
1270 3049 1335 3099 121³

145 3129 251 3194 Frons.
296 3127 491 3193 Fastidimus
514 3133 547 3191 et
570 3127 676 3191 animo
700 3127 955 3211 contempnimus
978 3127 1102 3195 frivola.

145 3217 316 3280 Annianus.
361 3213 447 3288 Quid
469 3212 697 3277 murmurando
720 3213 907 3298 loquerisll
1213 3231 1239 3270 cc

147 3300 323 3367 Serranum.
367 3301 466 3364 Filias
488 3299 613 3363 affabar
634 3300 754 3384 paucis.
775 3307 780 3377 Ι

17 3379 36 3440 θ
148 3387 317 3453 Annmuus.
351 3386 481 3451 Videris
497 3407 568 3450 esse
584 3386 716 3449 summis
730 3385 891 3449 natalibus
908 3390 988 3466 orta,
1010 3383 1069 3448 sed
1086 3390 1196 3448 tamen

58 3473 210 3561 patriam,
234 3494 336 3558 genus
354 3494 536 3558 nomenque
552 3478 642 3536 mum
666 3492 708 3536 ex
731 3478 763 3535 te
779 3472 906 3557 plenius
928 3472 1022 3556 cupio
1039 3469 1194 3535 ediscere.

148 3561 325 3625 Scrutaris.
359 3560 453 3624 Licet
467 3560 630 3643 sauguinis
645 3558 798 3644 superbia
817 3560 822 3638 Ι
841 3558 934 3621 uobis
950 3559 992 3621 sit
1006 3557 1096 3643 parvi
1112 3577 1193 3642 peu-

58 3646 179 3727 dends,
191 3647 196 3732 Ι
208 3654 317 3710 tamen
333 3648 420 3711 clara
436 3666 479 3709 ex
494 3648 593 3731 stirpe
605 3644 670 3731 ime
688 3645 843 3729 originem
859 3665 923 3708 non
938 3663 1023 3729 nego
1035 3642 1192 3729 trahere!
1211 3677 1237 3717 3⁵

146 3835 182 3888 25
199 3844 308 3903 paterna
320 3834 363 3885 Μι
432 3833 466 3887 29
485 3831 1194 3900 Finesscripsi(iteop.184,17):F.l1,·ruuacq.

91 3909 156 3971 sort.
174 3906 332 3957 Fastidimus
344 3902 347 3971 Ι
359 3912 385 3956 et
402 3906 487 3956 animo
505 3904 598 3956 frivola
614 3899 832 3970 contempnimus!
903 3901 938 3954 35
955 3903 1054 3968 extirpa
1071 3900 1105 3951 Μ

146 4060 164 4114 5
193 4063 228 4129 cs.
252 4060 316 4112 lac.
331 4064 368 4123 12,
379 4066 407 4112 11
417 4077 466 4125 sq:
493 4076 552 4110 cnm
577 4066 662 4109 autem
684 4059 808 4109 induosnt
829 4073 875 4108 vos
897 4057 924 4107 in
950 4073 963 4108 s
1048 4072 1095 4123 gas
1116 4062 1142 4107 et
1161 4056 1196 4108 ad

58 4134 228 4199 magistntus
251 4139 277 4182 et
298 4137 449 4196 potestates,
477 4129 555 4179 nolite
581 4128 685 4179 solliciti
707 4144 764 4178 esse
789 4125 976 4193 (praecogitare
1029 4142 1083 4176 ora.
1101 4127 1194 4189 13,11,·

58 4205 91 4269 cs.
105 4219 138 4267 p.
150 4204 210 4262 129,
219 4198 256 4263 ὁ),
275 4201 386 4265 qualiter
403 4205 450 4250 ant
467 4199 529 4264 quid
547 4198 720 4264 respondeatis
737 4204 784 4248 aut
801 4196 863 4261 quid
881 4196 982 4258 dicatis;
1000 4196 1106 4261 spiritus
1127 4195 1195 4246 enim

56 4279 166 4324 unctus
184 4269 289 4321 docebit
306 4286 352 4320 vos
369 4271 396 4320 in
414 4269 472 4334 ipsa
489 4268 560 4329 hora,
578 4267 641 4332 quid
658 4273 775 4333 oporteat
791 4281 838 4317 vos
855 4265 947 4317 dicere.
1027 4262 1063 4316 28
1080 4264 1195 4317 meatim:

55 4344 90 4409 cf.
107 4341 165 4393 ind.
181 4355 294 4406 gromae.
