2910 5024
516 127 779 184 Hucusvluflnu
799 127 927 182 OPERA.

263 301 424 367 Germinis
448 308 481 364 et
503 303 583 366 tanti
606 323 678 366 sese
702 322 766 365 non
790 301 892 365 credit
914 301 1038 384 honori,

308 387 372 454 Sed
395 389 510 452 transit
532 389 653 452 meritis
676 389 832 451 almitiem
854 391 993 472 generis.

265 474 392 560 Inclyta
414 495 488 537 nam
510 476 651 560 genitrix
674 477 730 539 tali
753 475 842 538 faetu
864 475 918 560 pie
942 475 1021 539 felix

306 560 344 624 In
366 559 476 624 mundi
498 562 604 625 lucem
627 561 709 626 fudit
731 567 766 625 ut
788 561 871 624 hanc
894 561 1051 643 sobolem,

265 647 362 712 Ocius
385 647 526 711 abluitur
548 649 663 712 vetulis
686 648 881 734 baptismate
905 649 1017 734 culpis,

308 734 396 807 Quas
418 735 635 820 protoplastes
658 734 828 798 obtinuere
852 741 977 820 patres;

265 818 430 884 Crismatis
452 827 626 906 unguento,
649 822 768 907 scripto
791 821 851 885 sibi
874 821 1044 907 fronteque
1068 820 1171 904 signo,

307 907 437 970 Ascitur
457 909 542 971 natis
565 909 723 972 ecclesiae
746 906 864 988 nitidis,

264 993 412 1057 Pascitur
434 1000 468 1057 et
490 995 586 1080 plene
609 993 685 1058 fidei
707 1014 785 1057 mox
807 993 961 1079 dogmate
986 995 1102 1074 trinae,

307 1080 395 1143 Dum
417 1081 507 1164 ragit
529 1101 611 1144 cuna
634 1101 769 1181 corpore
792 1079 946 1144 lacteolo:

264 1165 333 1230 Lac
356 1167 482 1251 quoties
506 1168 620 1243 auexit
644 1174 741 1231 totres
763 1165 839 1231 fidei
861 1187 953 1230 sacra
977 1167 1122 1252 sumpsit,

308 1251 489 1337 Suspensus
514 1254 625 1317 matris
648 1253 801 1318 uberibus
824 1253 969 1338 geminis.

264 1339 397 1403 Talibus
418 1339 571 1421 incubuit,
594 1340 687 1403 lactis
710 1340 785 1404 dum
809 1340 936 1425 gurgite
959 1339 1056 1413 vixit3

306 1425 392 1489 Hinc
414 1427 533 1510 pulsus,
557 1426 690 1510 gravido
714 1426 833 1491 ferbuit
854 1427 887 1490 in
912 1427 996 1505 enio,

266 1510 490 1598 Canitiemque
513 1533 625 1577 senum
648 1513 802 1577 membris
824 1447 1012 1577 mediando
1035 1513 1175 1593 tenellis,

306 1597 381 1663 Non
403 1620 476 1664 raro
500 1601 599 1664 sacris
621 1620 739 1686 nempe
763 1607 856 1663 vacat
878 1599 1001 1663 studiis.

266 1734 371 1808 Quem
392 1758 470 1802 mox
491 1737 671 1818 inberbem‚
695 1744 764 1801 tota
787 1736 948 1823 probitate
971 1739 1149 1823 vigentem,

310 1823 423 1887 Gratia
445 1824 574 1909 Pippini
596 1825 749 1910 principis
772 1824 900 1888 almifici

266 1908 383 1994 Regali
405 1931 469 1974 non
491 1912 640 1975 inmerito
664 1912 733 1975 sisti
754 1910 846 1975 iubet
868 1911 952 1992 aula,

311 1996 474 2060 Ardenter
496 1998 595 2060 talem
618 1997 715 2061 corde
739 1997 848 2061 colens
869 1998 1030 2061 iuvenem

266 2081 342 2163 Sed,
365 2084 469 2168 pietas
490 2085 580 2147 illum
604 2085 748 2168 quamvis
770 2085 943 2147 iustissima
965 2081 1051 2166 regis

307 2169 438 2234 Ditaret
460 2176 570 2234 tantae
592 2192 726 2235 munere
749 2171 917 2255 gloriolae,

266 2254 316 2319 Re
342 2257 389 2320 'us
410 2263 446 2320 ut
467 2257 577 2342 primis
601 2265 688 2321 esset
709 2257 879 2343 proconsul
902 2256 943 2319 ab
967 2254 1069 2334 annis,

376 2343 465 2427 genti
487 2344 573 2407 fastu
594 2365 659 2408 non
682 2351 792 2407 tomen
815 2343 957 2428 erigitur,

267 2428 406 2493 Pectore
430 2429 489 2493 sed
511 2432 594 2495 tales
616 2431 728 2494 humili
751 2429 874 2494 fastidit
896 2429 1047 2506 honores,

310 2516 482 2602 Suspirans
505 2518 600 2581 aulae
623 2537 757 2582 munera
779 2516 936 2581 sidereae.

265 2600 351 2666 Nam
372 2604 468 2703 patrii
491 2624 605 2668 census
628 2605 733 2668 fuerat
755 2604 817 2667 sibi
839 2603 981 2667 maxime
1003 2609 1126 2687 portus,

309 2688 432 2754 Dividit
455 2696 488 2753 et
510 2696 599 2755 tanto
622 2690 820 2777 pauperibus
842 2687 959 2764 studio,

265 2774 334 2840 Oeu
358 2775 519 2841 Christum
541 2777 676 2841 miseros
698 2778 782 2841 inter
804 2776 939 2840 sentiret
961 2795 1084 2861 egenos

311 2862 464 2927 Arridere
488 2884 546 2927 suo
570 2884 703 2928 munere
726 2864 832 2927 fronte
855 2864 925 2950 pio;

266 2949 373 3036 Saepe
394 2949 455 3014 Iob
478 2956 576 3036 atque
599 2951 657 3014 viri
679 2970 826 3014 normam
848 2946 1017 3013 tractando
1039 2947 1132 3013 beati

308 3037 383 3122 Ipse
406 3057 520 3100 manus
541 3057 667 3115 manco,
690 3057 749 3123 pes
772 3037 831 3100 fuit
854 3043 888 3102 et
909 3034 1067 3122 podagro,

267 3121 310 3187 Se
331 3143 457 3187 necnon
480 3123 559 3188 orbo
583 3130 712 3188 cautum
734 3123 915 3208 praebebat
937 3121 1086 3203 ocellum,

308 3208 504 3294 Exemplum
526 3211 647 3275 cunctis
668 3210 778 3275 nobile
802 3210 881 3273 dans
902 3208 1041 3295 populis.

266 3295 336 3359 Nec
358 3296 463 3359 minus
484 3297 634 3361 humanis
656 3296 784 3361 sudavit
805 3296 945 3382 denique
969 3294 1085 3377 aran,

308 3381 489 3467 Aequalem
514 3385 681 3468 primissa
703 3384 824 3448 faciens
847 3382 994 3446 dominis.

243 3556 275 3608 31
295 3558 402 3609 credidit
420 3556 453 3606 Μ
530 3553 561 3607 41
582 3559 651 3608 suxit
669 3557 729 3622 M'p
811 3554 843 3608 47
862 3558 1005 3623 uirgcntem
1024 3555 1056 3605 M
1141 3552 1176 3607 52
1193 3555 1290 3609 Dim

158 3625 642 3695 wtmtlitteroeerimlliffl!
725 3625 926 3693 53primusM
1000 3623 1287 3694 boemanni„

243 3779 278 3833 33
299 3784 334 3849 cs.
357 3798 450 3847 oppos.
472 3781 509 3832 od
532 3780 604 3832 Mor.
616 3784 674 3832 312.
761 3780 792 3832 41
816 3783 851 3849 cf.
877 3780 971 3846 Sam
991 3781 1036 3843 §3
1057 3789 1082 3831 ct
1104 3780 1189 3831 Prud.
1213 3780 1286 3848 ψ

159 3854 200 3915 10,
211 3855 260 3903 68⁴
343 3860 373 3902 ut
390 3851 505 3918 gemellis
523 3852 632 3903 uberum
650 3852 681 3902 de
699 3851 814 3901 sontibus
832 3851 873 3902 lac
891 3867 987 3918 parvus
1005 3851 1095 3913 bauai,
1118 3850 1249 3902 cunam
1263 3860 1288 3902 et

158 3922 233 3973 hami
309 3937 360 3972 erc.
451 3919 486 3971 45
504 3921 551 3971 loc.
569 3937 657 3970 comm.
675 3937 707 3970 ee
725 3919 805 3970 Prad.
825 3920 903 3984 steph.
918 3922 942 3984 3,
955 3923 989 3972 24
1006 3920 1123 3971 moribno
1140 3929 1167 3971 ot
1184 3919 1287 3972 niuniu

159 3990 254 4042 teneri·
271 3991 391 4041 unitiem
410 3990 529 4041 meditata
547 4006 652 4047 serrumr
669 3992 702 4055 cs.
723 3989 816 4040 ΔΜ
832 3989 883 4051 §d
953 3986 988 4040 52
1006 3991 1041 4055 cs.
1062 3990 1147 4056 Oonp.
1163 3991 1220 4041 m.
1236 3990 1287 4042 683.

158 4056 192 4111 51
210 4059 358 4126 patrimonii
375 4059 656 4124 samosataeum.
750 4056 785 4109 60
802 4060 836 4125 cs.
857 4059 937 4123 eosq.
958 4059 1051 4123 3394
1142 4055 1238 4125 6195.
1254 4059 1286 4125 es.

158 4129 223 4180 vitoe
241 4132 321 4192 c.1,2
338 4126 398 4192 (Iob
415 4132 454 4192 29,
466 4128 513 4193 16).
