<?xml version="1.0" encoding="UTF-8"?>
<!DOCTYPE html PUBLIC "-//W3C//DTD XHTML 1.0 Transitional//EN"
    "http://www.w3.org/TR/xhtml1/DTD/xhtml1-transitional.dtd">
<html xmlns="http://www.w3.org/1999/xhtml" xml:lang="en" lang="en">
 <head>
  <title>
</title>
<meta http-equiv="Content-Type" content="text/html;charset=utf-8" />
  <meta name='ocr-system' content='tesseract 3.04.00' />
  <meta name='ocr-capabilities' content='ocr_page ocr_carea ocr_par ocr_line ocrx_word'/>
</head>
<body>
  <div class='ocr_page' id='page_1' title='image "./hrotsvithaeoper02hrotgoog_0047.png"; bbox 0 0 2910 5024; ppageno 0'>
   <div class='ocr_carea' id='block_1_1' title="bbox 518 336 929 395">
    <p class='ocr_par' dir='ltr' id='par_1_1' title="bbox 518 336 929 395">
     <span class='ocr_line' id='line_1_1' title="bbox 518 336 929 395; baseline -0.002 0"><span class='ocrx_word' id='word_1_1' title='bbox 518 339 781 395; x_wconf 81' lang='lat' dir='ltr'>HROTSVITHAE</span> <span class='ocrx_word' id='word_1_2' title='bbox 799 336 929 394; x_wconf 80' lang='lat' dir='ltr'><strong>OPERA.</strong></span> 
     </span>
    </p>
   </div>
   <div class='ocr_carea' id='block_1_2' title="bbox 176 511 1350 3726">
    <p class='ocr_par' dir='ltr' id='par_1_2' title="bbox 262 511 1078 577">
     <span class='ocr_line' id='line_1_2' title="bbox 262 511 1078 577; baseline 0 -2"><span class='ocrx_word' id='word_1_3' title='bbox 262 511 406 576; x_wconf 79' lang='lat' dir='ltr'>Iusserat</span> <span class='ocrx_word' id='word_1_4' title='bbox 428 512 470 576; x_wconf 93' lang='lat' dir='ltr'>ad</span> <span class='ocrx_word' id='word_1_5' title='bbox 492 513 611 577; x_wconf 88' lang='lat' dir='ltr'>sociam</span> <span class='ocrx_word' id='word_1_6' title='bbox 636 513 728 576; x_wconf 90' lang='lat' dir='ltr'>citius</span> <span class='ocrx_word' id='word_1_7' title='bbox 751 532 898 576; x_wconf 89' lang='lat' dir='ltr'>remeare</span> <span class='ocrx_word' id='word_1_8' title='bbox 922 511 1078 576; x_wconf 84' lang='lat' dir='ltr'>relictam.</span> 
     </span>
    </p>

    <p class='ocr_par' dir='ltr' id='par_1_3' title="bbox 262 597 1172 1033">
     <span class='ocr_line' id='line_1_3' title="bbox 265 597 1080 683; baseline 0 -21"><span class='ocrx_word' id='word_1_9' title='bbox 265 597 329 672; x_wconf 94' lang='lat' dir='ltr'>Qui</span> <span class='ocrx_word' id='word_1_10' title='bbox 353 598 444 681; x_wconf 83' lang='lat' dir='ltr'><strong>dixit,</strong></span> <span class='ocrx_word' id='word_1_11' title='bbox 467 601 596 663; x_wconf 93' lang='lat' dir='ltr'>monitis</span> <span class='ocrx_word' id='word_1_12' title='bbox 619 601 724 662; x_wconf 91' lang='lat' dir='ltr'>auimo</span> <span class='ocrx_word' id='word_1_13' title='bbox 748 605 914 683; x_wconf 88' lang='lat' dir='ltr'>permotus</span> <span class='ocrx_word' id='word_1_14' title='bbox 937 598 979 661; x_wconf 88' lang='lat' dir='ltr'>ab</span> <span class='ocrx_word' id='word_1_15' title='bbox 1003 599 1080 662; x_wconf 89' lang='lat' dir='ltr'>illis:</span> 
     </span>
     <span class='ocr_line' id='line_1_4' title="bbox 263 684 1163 771; baseline 0.003 -23"><span class='ocrx_word' id='word_1_16' title='bbox 263 684 367 750; x_wconf 88' lang='lat' dir='ltr'>‘Haec</span> <span class='ocrx_word' id='word_1_17' title='bbox 390 687 452 749; x_wconf 90' lang='lat' dir='ltr'>iam</span> <span class='ocrx_word' id='word_1_18' title='bbox 476 687 526 750; x_wconf 91' lang='lat' dir='ltr'>bis</span> <span class='ocrx_word' id='word_1_19' title='bbox 550 686 641 750; x_wconf 89' lang='lat' dir='ltr'>denis</span> <span class='ocrx_word' id='word_1_20' title='bbox 663 707 791 750; x_wconf 88' lang='lat' dir='ltr'>mecum</span> <span class='ocrx_word' id='word_1_21' title='bbox 814 692 1039 771; x_wconf 79' lang='lat' dir='ltr'>permanserat</span> <span class='ocrx_word' id='word_1_22' title='bbox 1061 687 1163 768; x_wconf 89' lang='lat' dir='ltr'>annis,</span> 
     </span>
     <span class='ocr_line' id='line_1_5' title="bbox 262 771 1172 839; baseline 0.002 -2"><span class='ocrx_word' id='word_1_23' title='bbox 262 771 315 837; x_wconf 82' lang='lat' dir='ltr'>Ex</span> <span class='ocrx_word' id='word_1_24' title='bbox 336 773 393 837; x_wconf 92' lang='lat' dir='ltr'>illa</span> <span class='ocrx_word' id='word_1_25' title='bbox 415 773 563 837; x_wconf 90' lang='lat' dir='ltr'>dominus</span> <span class='ocrx_word' id='word_1_26' title='bbox 586 773 732 837; x_wconf 84' lang='lat' dir='ltr'><strong>sobolem</strong></span> <span class='ocrx_word' id='word_1_27' title='bbox 755 773 834 836; x_wconf 94' lang='lat' dir='ltr'>mihi</span> <span class='ocrx_word' id='word_1_28' title='bbox 858 792 919 835; x_wconf 93' lang='lat' dir='ltr'>nec</span> <span class='ocrx_word' id='word_1_29' title='bbox 944 771 1034 836; x_wconf 85' lang='lat' dir='ltr'>dedit</span> <span class='ocrx_word' id='word_1_30' title='bbox 1056 775 1172 839; x_wconf 92' lang='lat' dir='ltr'>ullam:</span> 
     </span>
     <span class='ocr_line' id='line_1_6' title="bbox 262 859 1041 945; baseline 0.001 -23"><span class='ocrx_word' id='word_1_31' title='bbox 262 859 401 945; x_wconf 80' lang='lat' dir='ltr'>Insuper</span> <span class='ocrx_word' id='word_1_32' title='bbox 424 860 606 944; x_wconf 87' lang='lat' dir='ltr'>obprobriis</span> <span class='ocrx_word' id='word_1_33' title='bbox 630 859 762 923; x_wconf 85' lang='lat' dir='ltr'>discessi</span> <span class='ocrx_word' id='word_1_34' title='bbox 785 860 900 944; x_wconf 88' lang='lat' dir='ltr'>plenus</span> <span class='ocrx_word' id='word_1_35' title='bbox 923 860 1041 923; x_wconf 89' lang='lat' dir='ltr'>amaris</span> 
     </span>
     <span class='ocr_line' id='line_1_7' title="bbox 263 945 1065 1033; baseline 0.001 -24"><span class='ocrx_word' id='word_1_36' title='bbox 263 945 376 1032; x_wconf 88' lang='lat' dir='ltr'>Nuper</span> <span class='ocrx_word' id='word_1_37' title='bbox 399 946 440 1010; x_wconf 88' lang='lat' dir='ltr'>de</span> <span class='ocrx_word' id='word_1_38' title='bbox 463 947 598 1033; x_wconf 90' lang='lat' dir='ltr'>templo,</span> <span class='ocrx_word' id='word_1_39' title='bbox 622 967 720 1010; x_wconf 90' lang='lat' dir='ltr'>causa</span> <span class='ocrx_word' id='word_1_40' title='bbox 743 947 891 1010; x_wconf 88' lang='lat' dir='ltr'>confusus</span> <span class='ocrx_word' id='word_1_41' title='bbox 915 946 1065 1031; x_wconf 89' lang='lat' dir='ltr'>abipsa:</span> 
     </span>
    </p>

    <p class='ocr_par' dir='ltr' id='par_1_4' title="bbox 264 1032 1095 1207">
     <span class='ocr_line' id='line_1_8' title="bbox 264 1032 1095 1120; baseline 0.004 -25"><span class='ocrx_word' id='word_1_42' title='bbox 264 1032 306 1096; x_wconf 77' lang='lat' dir='ltr'>ut</span> <span class='ocrx_word' id='word_1_43' title='bbox 328 1054 380 1097; x_wconf 95' lang='lat' dir='ltr'>me</span> <span class='ocrx_word' id='word_1_44' title='bbox 405 1033 593 1120; x_wconf 87' lang='lat' dir='ltr'>despectum</span> <span class='ocrx_word' id='word_1_45' title='bbox 617 1035 779 1118; x_wconf 91' lang='lat' dir='ltr'>tantisque</span> <span class='ocrx_word' id='word_1_46' title='bbox 803 1033 895 1096; x_wconf 92' lang='lat' dir='ltr'>malis</span> <span class='ocrx_word' id='word_1_47' title='bbox 918 1040 1095 1098; x_wconf 87' lang='lat' dir='ltr'>saturatum</span> 
     </span>
     <span class='ocr_line' id='line_1_9' title="bbox 264 1119 1056 1207; baseline 0.001 -24"><span class='ocrx_word' id='word_1_48' title='bbox 264 1119 415 1184; x_wconf 80' lang='lat' dir='ltr'>Hortaris</span> <span class='ocrx_word' id='word_1_49' title='bbox 438 1120 577 1206; x_wconf 88' lang='lat' dir='ltr'>regredi,</span> <span class='ocrx_word' id='word_1_50' title='bbox 601 1120 695 1184; x_wconf 93' lang='lat' dir='ltr'>subdi</span> <span class='ocrx_word' id='word_1_51' title='bbox 717 1122 885 1207; x_wconf 89' lang='lat' dir='ltr'>primoque</span> <span class='ocrx_word' id='word_1_52' title='bbox 909 1119 1056 1204; x_wconf 61' lang='lat' dir='ltr'>pudori?</span> 
     </span>
    </p>

    <p class='ocr_par' dir='ltr' id='par_1_5' title="bbox 263 1207 1109 1467">
     <span class='ocr_line' id='line_1_10' title="bbox 310 1207 1109 1292; baseline 0 -20"><span class='ocrx_word' id='word_1_53' title='bbox 310 1207 361 1273; x_wconf 86' lang='lat' dir='ltr'>Ad</span> <span class='ocrx_word' id='word_1_54' title='bbox 385 1228 480 1292; x_wconf 87' lang='lat' dir='ltr'>quam</span> <span class='ocrx_word' id='word_1_55' title='bbox 505 1209 681 1272; x_wconf 87' lang='lat' dir='ltr'>mansuetis</span> <span class='ocrx_word' id='word_1_56' title='bbox 704 1208 854 1271; x_wconf 88' lang='lat' dir='ltr'>caelestis</span> <span class='ocrx_word' id='word_1_57' title='bbox 876 1208 1005 1270; x_wconf 89' lang='lat' dir='ltr'>nuntius</span> <span class='ocrx_word' id='word_1_58' title='bbox 1028 1209 1109 1272; x_wconf 91' lang='lat' dir='ltr'>orsis</span> 
     </span>
     <span class='ocr_line' id='line_1_11' title="bbox 263 1293 1068 1360; baseline -0.002 0"><span class='ocrx_word' id='word_1_59' title='bbox 263 1294 328 1360; x_wconf 85' lang='lat' dir='ltr'>‘Me</span> <span class='ocrx_word' id='word_1_60' title='bbox 352 1295 422 1358; x_wconf 85' lang='lat' dir='ltr'>fore</span> <span class='ocrx_word' id='word_1_61' title='bbox 446 1295 633 1359; x_wconf 75' lang='lat' dir='ltr'>caelestem’</span> <span class='ocrx_word' id='word_1_62' title='bbox 656 1293 786 1358; x_wconf 90' lang='lat' dir='ltr'>dicebat</span> <span class='ocrx_word' id='word_1_63' title='bbox 808 1293 941 1358; x_wconf 88' lang='lat' dir='ltr'>‘credito</span> <span class='ocrx_word' id='word_1_64' title='bbox 965 1295 1068 1358; x_wconf 87' lang='lat' dir='ltr'>civem</span> 
     </span>
     <span class='ocr_line' id='line_1_12' title="bbox 269 1380 1022 1467; baseline -0.003 -21"><span class='ocrx_word' id='word_1_65' title='bbox 269 1380 510 1467; x_wconf 85' lang='lat' dir='ltr'>Custodemque</span> <span class='ocrx_word' id='word_1_66' title='bbox 534 1383 580 1444; x_wconf 92' lang='lat' dir='ltr'>tui</span> <span class='ocrx_word' id='word_1_67' title='bbox 603 1383 723 1445; x_wconf 88' lang='lat' dir='ltr'>factum</span> <span class='ocrx_word' id='word_1_68' title='bbox 746 1382 870 1465; x_wconf 88' lang='lat' dir='ltr'>pietate</span> <span class='ocrx_word' id='word_1_69' title='bbox 893 1381 1022 1464; x_wconf 89' lang='lat' dir='ltr'>superni</span> 
     </span>
    </p>

    <p class='ocr_par' dir='ltr' id='par_1_6' title="bbox 176 1467 1350 2858">
     <span class='ocr_line' id='line_1_13' title="bbox 176 1467 1040 1554; baseline 0.001 -25"><span class='ocrx_word' id='word_1_70' title='bbox 176 1524 179 1529; x_wconf 84' lang='lat'>.</span> <span class='ocrx_word' id='word_1_71' title='bbox 265 1468 379 1553; x_wconf 90' lang='lat' dir='ltr'>Regis,</span> <span class='ocrx_word' id='word_1_72' title='bbox 403 1470 457 1554; x_wconf 92' lang='lat' dir='ltr'>qui</span> <span class='ocrx_word' id='word_1_73' title='bbox 479 1469 595 1532; x_wconf 88' lang='lat' dir='ltr'>iustam</span> <span class='ocrx_word' id='word_1_74' title='bbox 618 1469 777 1532; x_wconf 91' lang='lat' dir='ltr'>consolari</span> <span class='ocrx_word' id='word_1_75' title='bbox 799 1467 889 1532; x_wconf 91' lang='lat' dir='ltr'>dedit</span> <span class='ocrx_word' id='word_1_76' title='bbox 911 1468 1040 1531; x_wconf 83' lang='lat' dir='ltr'>Annam</span> 
     </span>
     <span class='ocr_line' id='line_1_14' title="bbox 263 1553 1184 1640; baseline -0.001 -19"><span class='ocrx_word' id='word_1_77' title='bbox 263 1555 331 1621; x_wconf 92' lang='lat' dir='ltr'>Per</span> <span class='ocrx_word' id='word_1_78' title='bbox 351 1576 415 1638; x_wconf 91' lang='lat' dir='ltr'>me,</span> <span class='ocrx_word' id='word_1_79' title='bbox 440 1554 515 1620; x_wconf 93' lang='lat' dir='ltr'>dum</span> <span class='ocrx_word' id='word_1_80' title='bbox 539 1556 688 1640; x_wconf 87' lang='lat' dir='ltr'>preculas</span> <span class='ocrx_word' id='word_1_81' title='bbox 710 1553 816 1619; x_wconf 91' lang='lat' dir='ltr'>flendo</span> <span class='ocrx_word' id='word_1_82' title='bbox 840 1554 1051 1639; x_wconf 88' lang='lat' dir='ltr'>profunderet</span> <span class='ocrx_word' id='word_1_83' title='bbox 1073 1556 1184 1622; x_wconf 83' lang='lat' dir='ltr'>almas.</span> 
     </span>
     <span class='ocr_line' id='line_1_15' title="bbox 263 1641 1030 1728; baseline -0.003 -21"><span class='ocrx_word' id='word_1_84' title='bbox 263 1644 311 1707; x_wconf 85' lang='lat' dir='ltr'>At</span> <span class='ocrx_word' id='word_1_85' title='bbox 332 1663 417 1706; x_wconf 92' lang='lat' dir='ltr'>nunc</span> <span class='ocrx_word' id='word_1_86' title='bbox 439 1663 516 1728; x_wconf 91' lang='lat' dir='ltr'>ergo</span> <span class='ocrx_word' id='word_1_87' title='bbox 540 1644 587 1705; x_wconf 91' lang='lat' dir='ltr'>tui</span> <span class='ocrx_word' id='word_1_88' title='bbox 610 1663 707 1706; x_wconf 89' lang='lat' dir='ltr'>causa</span> <span class='ocrx_word' id='word_1_89' title='bbox 730 1642 771 1706; x_wconf 88' lang='lat' dir='ltr'>de</span> <span class='ocrx_word' id='word_1_90' title='bbox 795 1641 924 1705; x_wconf 90' lang='lat' dir='ltr'>cardine</span> <span class='ocrx_word' id='word_1_91' title='bbox 948 1643 1030 1705; x_wconf 90' lang='lat' dir='ltr'>caeli</span> 
     </span>
     <span class='ocr_line' id='line_1_16' title="bbox 262 1728 1050 1815; baseline -0.003 -21"><span class='ocrx_word' id='word_1_92' title='bbox 262 1731 380 1815; x_wconf 88' lang='lat' dir='ltr'>Aequa</span> <span class='ocrx_word' id='word_1_93' title='bbox 403 1731 510 1794; x_wconf 86' lang='lat' dir='ltr'>ferens</span> <span class='ocrx_word' id='word_1_94' title='bbox 532 1731 607 1793; x_wconf 81' lang='lat' dir='ltr'>veni</span> <span class='ocrx_word' id='word_1_95' title='bbox 630 1731 799 1814; x_wconf 84' lang='lat' dir='ltr'>permagni</span> <span class='ocrx_word' id='word_1_96' title='bbox 822 1728 942 1813; x_wconf 88' lang='lat' dir='ltr'>gaudia</span> <span class='ocrx_word' id='word_1_97' title='bbox 965 1728 1050 1810; x_wconf 91' lang='lat' dir='ltr'>doni,</span> 
     </span>
     <span class='ocr_line' id='line_1_17' title="bbox 262 1815 1350 1902; baseline -0.002 -22"><span class='ocrx_word' id='word_1_98' title='bbox 262 1816 400 1901; x_wconf 90' lang='lat' dir='ltr'>Hocque</span> <span class='ocrx_word' id='word_1_99' title='bbox 423 1818 481 1881; x_wconf 92' lang='lat' dir='ltr'>tibi</span> <span class='ocrx_word' id='word_1_100' title='bbox 505 1815 588 1898; x_wconf 90' lang='lat' dir='ltr'>dico,</span> <span class='ocrx_word' id='word_1_101' title='bbox 613 1815 699 1902; x_wconf 93' lang='lat' dir='ltr'>quod</span> <span class='ocrx_word' id='word_1_102' title='bbox 721 1838 797 1879; x_wconf 81' lang='lat' dir='ltr'>mox</span> <span class='ocrx_word' id='word_1_103' title='bbox 819 1816 1016 1901; x_wconf 88' lang='lat' dir='ltr'>praenobilis</span> <span class='ocrx_word' id='word_1_104' title='bbox 1038 1816 1136 1879; x_wconf 88' lang='lat' dir='ltr'>Anna</span> <span class='ocrx_word' id='word_1_105' title='bbox 1282 1831 1350 1898; x_wconf 73' lang='lat' dir='ltr'>solu</span> 
     </span>
     <span class='ocr_line' id='line_1_18' title="bbox 264 1901 1101 1988; baseline -0.004 -21"><span class='ocrx_word' id='word_1_106' title='bbox 264 1902 434 1988; x_wconf 79' lang='lat' dir='ltr'>Concipiet</span> <span class='ocrx_word' id='word_1_107' title='bbox 457 1911 565 1967; x_wconf 89' lang='lat' dir='ltr'>natam</span> <span class='ocrx_word' id='word_1_108' title='bbox 589 1904 711 1967; x_wconf 90' lang='lat' dir='ltr'>cunctis</span> <span class='ocrx_word' id='word_1_109' title='bbox 735 1903 849 1967; x_wconf 90' lang='lat' dir='ltr'>saeclis</span> <span class='ocrx_word' id='word_1_110' title='bbox 873 1901 1101 1967; x_wconf 85' lang='lat' dir='ltr'>venerandam.</span> 
     </span>
     <span class='ocr_line' id='line_1_19' title="bbox 263 1990 1124 2066; baseline -0.002 -12"><span class='ocrx_word' id='word_1_111' title='bbox 263 1990 357 2055; x_wconf 89' lang='lat' dir='ltr'>Haec</span> <span class='ocrx_word' id='word_1_112' title='bbox 380 1991 579 2054; x_wconf 88' lang='lat' dir='ltr'>internatas</span> <span class='ocrx_word' id='word_1_113' title='bbox 602 1991 765 2054; x_wconf 91' lang='lat' dir='ltr'>hominum</span> <span class='ocrx_word' id='word_1_114' title='bbox 789 1990 846 2054; x_wconf 90' lang='lat' dir='ltr'>fiet</span> <span class='ocrx_word' id='word_1_115' title='bbox 868 2011 960 2054; x_wconf 88' lang='lat' dir='ltr'>sacra</span> <span class='ocrx_word' id='word_1_116' title='bbox 983 1997 1124 2066; x_wconf 88' lang='lat' dir='ltr'>cunctas,</span> 
     </span>
     <span class='ocr_line' id='line_1_20' title="bbox 264 2077 1104 2162; baseline -0.001 -21"><span class='ocrx_word' id='word_1_117' title='bbox 264 2077 402 2162; x_wconf 81' lang='lat' dir='ltr'>Spiritus</span> <span class='ocrx_word' id='word_1_118' title='bbox 426 2085 459 2140; x_wconf 88' lang='lat' dir='ltr'>et</span> <span class='ocrx_word' id='word_1_119' title='bbox 481 2079 597 2141; x_wconf 91' lang='lat' dir='ltr'>merito</span> <span class='ocrx_word' id='word_1_120' title='bbox 621 2084 750 2141; x_wconf 88' lang='lat' dir='ltr'>sanctus</span> <span class='ocrx_word' id='word_1_121' title='bbox 773 2077 956 2162; x_wconf 86' lang='lat' dir='ltr'>requiescet</span> <span class='ocrx_word' id='word_1_122' title='bbox 979 2078 1012 2140; x_wconf 91' lang='lat' dir='ltr'>in</span> <span class='ocrx_word' id='word_1_123' title='bbox 1032 2077 1104 2155; x_wconf 86' lang='lat' dir='ltr'>illa;</span> 
     </span>
     <span class='ocr_line' id='line_1_21' title="bbox 264 2163 1158 2249; baseline -0.002 -21"><span class='ocrx_word' id='word_1_124' title='bbox 264 2165 315 2228; x_wconf 87' lang='lat' dir='ltr'>Ac</span> <span class='ocrx_word' id='word_1_125' title='bbox 338 2184 398 2248; x_wconf 94' lang='lat' dir='ltr'>per</span> <span class='ocrx_word' id='word_1_126' title='bbox 421 2185 517 2249; x_wconf 90' lang='lat' dir='ltr'>quam</span> <span class='ocrx_word' id='word_1_127' title='bbox 540 2165 649 2228; x_wconf 85' lang='lat' dir='ltr'>veniet</span> <span class='ocrx_word' id='word_1_128' title='bbox 672 2163 791 2227; x_wconf 91' lang='lat' dir='ltr'>mundo</span> <span class='ocrx_word' id='word_1_129' title='bbox 815 2163 999 2227; x_wconf 90' lang='lat' dir='ltr'>benedictio</span> <span class='ocrx_word' id='word_1_130' title='bbox 1023 2183 1158 2244; x_wconf 88' lang='lat' dir='ltr'>summo,</span> 
     </span>
     <span class='ocr_line' id='line_1_22' title="bbox 266 2250 1241 2335; baseline -0.001 -21"><span class='ocrx_word' id='word_1_131' title='bbox 266 2250 338 2315; x_wconf 88' lang='lat' dir='ltr'>Nec</span> <span class='ocrx_word' id='word_1_132' title='bbox 359 2252 496 2335; x_wconf 87' lang='lat' dir='ltr'>primam</span> <span class='ocrx_word' id='word_1_133' title='bbox 520 2252 668 2329; x_wconf 90' lang='lat' dir='ltr'>similem,</span> <span class='ocrx_word' id='word_1_134' title='bbox 691 2271 751 2314; x_wconf 88' lang='lat' dir='ltr'>nec</span> <span class='ocrx_word' id='word_1_135' title='bbox 775 2252 876 2314; x_wconf 89' lang='lat' dir='ltr'>fertur</span> <span class='ocrx_word' id='word_1_136' title='bbox 898 2251 1020 2314; x_wconf 88' lang='lat' dir='ltr'>habere</span> <span class='ocrx_word' id='word_1_137' title='bbox 1044 2256 1241 2335; x_wconf 88' lang='lat' dir='ltr'>sequentem.</span> 
     </span>
     <span class='ocr_line' id='line_1_23' title="bbox 266 2338 1109 2422; baseline -0.002 -20"><span class='ocrx_word' id='word_1_138' title='bbox 266 2339 312 2402; x_wconf 86' lang='lat' dir='ltr'>At</span> <span class='ocrx_word' id='word_1_139' title='bbox 334 2358 418 2401; x_wconf 91' lang='lat' dir='ltr'>nunc</span> <span class='ocrx_word' id='word_1_140' title='bbox 441 2338 482 2402; x_wconf 88' lang='lat' dir='ltr'>ad</span> <span class='ocrx_word' id='word_1_141' title='bbox 507 2340 626 2402; x_wconf 85' lang='lat' dir='ltr'>sociam</span> <span class='ocrx_word' id='word_1_142' title='bbox 650 2345 774 2422; x_wconf 87' lang='lat' dir='ltr'>tempta</span> <span class='ocrx_word' id='word_1_143' title='bbox 797 2357 944 2401; x_wconf 86' lang='lat' dir='ltr'>remeare</span> <span class='ocrx_word' id='word_1_144' title='bbox 967 2338 1109 2408; x_wconf 77' lang='lat' dir='ltr'>beatam,</span> 
     </span>
     <span class='ocr_line' id='line_1_24' title="bbox 267 2423 1142 2509; baseline 0.003 -20"><span class='ocrx_word' id='word_1_145' title='bbox 267 2423 359 2498; x_wconf 88' lang='lat' dir='ltr'>Quae</span> <span class='ocrx_word' id='word_1_146' title='bbox 383 2425 529 2509; x_wconf 92' lang='lat' dir='ltr'>gaudens</span> <span class='ocrx_word' id='word_1_147' title='bbox 552 2426 638 2489; x_wconf 93' lang='lat' dir='ltr'>omni</span> <span class='ocrx_word' id='word_1_148' title='bbox 662 2432 785 2488; x_wconf 90' lang='lat' dir='ltr'>tantum</span> <span class='ocrx_word' id='word_1_149' title='bbox 807 2426 913 2509; x_wconf 86' lang='lat' dir='ltr'>pariet</span> <span class='ocrx_word' id='word_1_150' title='bbox 936 2423 1035 2489; x_wconf 91' lang='lat' dir='ltr'>decus</span> <span class='ocrx_word' id='word_1_151' title='bbox 1058 2424 1142 2492; x_wconf 79' lang='lat' dir='ltr'>orbi:</span> 
     </span>
     <span class='ocr_line' id='line_1_25' title="bbox 265 2510 1022 2597; baseline -0.001 -22"><span class='ocrx_word' id='word_1_152' title='bbox 265 2511 307 2575; x_wconf 82' lang='lat' dir='ltr'>Et</span> <span class='ocrx_word' id='word_1_153' title='bbox 330 2531 460 2596; x_wconf 90' lang='lat' dir='ltr'>semper</span> <span class='ocrx_word' id='word_1_154' title='bbox 482 2519 591 2597; x_wconf 87' lang='lat' dir='ltr'>grates</span> <span class='ocrx_word' id='word_1_155' title='bbox 614 2512 728 2575; x_wconf 81' lang='lat' dir='ltr'>factori</span> <span class='ocrx_word' id='word_1_156' title='bbox 751 2510 877 2575; x_wconf 89' lang='lat' dir='ltr'>reddite</span> <span class='ocrx_word' id='word_1_157' title='bbox 902 2510 1022 2592; x_wconf 84' lang='lat' dir='ltr'>dulces,</span> 
     </span>
     <span class='ocr_line' id='line_1_26' title="bbox 265 2598 1076 2684; baseline 0 -22"><span class='ocrx_word' id='word_1_158' title='bbox 265 2598 325 2662; x_wconf 83' lang='lat' dir='ltr'>Oui</span> <span class='ocrx_word' id='word_1_159' title='bbox 349 2599 470 2683; x_wconf 90' lang='lat' dir='ltr'>placuit</span> <span class='ocrx_word' id='word_1_160' title='bbox 492 2600 625 2684; x_wconf 91' lang='lat' dir='ltr'>stirpem</span> <span class='ocrx_word' id='word_1_161' title='bbox 649 2599 741 2662; x_wconf 85' lang='lat' dir='ltr'>vobis</span> <span class='ocrx_word' id='word_1_162' title='bbox 764 2598 943 2662; x_wconf 90' lang='lat' dir='ltr'>concedere</span> <span class='ocrx_word' id='word_1_163' title='bbox 967 2600 1076 2679; x_wconf 90' lang='lat' dir='ltr'>talem,</span> 
     </span>
     <span class='ocr_line' id='line_1_27' title="bbox 264 2685 1146 2771; baseline 0.002 -22"><span class='ocrx_word' id='word_1_164' title='bbox 264 2685 402 2758; x_wconf 86' lang='lat' dir='ltr'>Qualem</span> <span class='ocrx_word' id='word_1_165' title='bbox 424 2694 573 2771; x_wconf 85' lang='lat' dir='ltr'>percerte</span> <span class='ocrx_word' id='word_1_166' title='bbox 597 2706 771 2771; x_wconf 87' lang='lat' dir='ltr'>numquam</span> <span class='ocrx_word' id='word_1_167' title='bbox 796 2694 929 2750; x_wconf 89' lang='lat' dir='ltr'>tonuere</span> <span class='ocrx_word' id='word_1_168' title='bbox 956 2685 1146 2769; x_wconf 84' lang='lat' dir='ltr'>prophetae,</span> 
     </span>
     <span class='ocr_line' id='line_1_28' title="bbox 264 2771 1072 2858; baseline -0.001 -22"><span class='ocrx_word' id='word_1_169' title='bbox 264 2771 385 2836; x_wconf 89' lang='lat' dir='ltr'>Omnes</span> <span class='ocrx_word' id='word_1_170' title='bbox 410 2773 506 2837; x_wconf 90' lang='lat' dir='ltr'>electi</span> <span class='ocrx_word' id='word_1_171' title='bbox 528 2781 602 2858; x_wconf 91' lang='lat' dir='ltr'>post</span> <span class='ocrx_word' id='word_1_172' title='bbox 624 2774 706 2836; x_wconf 89' lang='lat' dir='ltr'>haec</span> <span class='ocrx_word' id='word_1_173' title='bbox 727 2793 791 2836; x_wconf 91' lang='lat' dir='ltr'>non</span> <span class='ocrx_word' id='word_1_174' title='bbox 814 2780 887 2836; x_wconf 91' lang='lat' dir='ltr'>sunt</span> <span class='ocrx_word' id='word_1_175' title='bbox 909 2773 1072 2836; x_wconf 66' lang='lat' dir='ltr'>habituri?</span> 
     </span>
    </p>

    <p class='ocr_par' dir='ltr' id='par_1_7' title="bbox 261 2859 1155 3030">
     <span class='ocr_line' id='line_1_29' title="bbox 308 2859 1155 2945; baseline 0.001 -22"><span class='ocrx_word' id='word_1_176' title='bbox 308 2859 361 2923; x_wconf 80' lang='lat' dir='ltr'>Ad</span> <span class='ocrx_word' id='word_1_177' title='bbox 386 2880 482 2945; x_wconf 90' lang='lat' dir='ltr'>quem</span> <span class='ocrx_word' id='word_1_178' title='bbox 505 2861 670 2944; x_wconf 87' lang='lat' dir='ltr'>promissis</span> <span class='ocrx_word' id='word_1_179' title='bbox 693 2859 837 2923; x_wconf 90' lang='lat' dir='ltr'>loachim</span> <span class='ocrx_word' id='word_1_180' title='bbox 861 2861 1000 2923; x_wconf 87' lang='lat' dir='ltr'>laetatus</span> <span class='ocrx_word' id='word_1_181' title='bbox 1022 2860 1053 2921; x_wconf 94' lang='lat' dir='ltr'>in</span> <span class='ocrx_word' id='word_1_182' title='bbox 1078 2862 1155 2924; x_wconf 89' lang='lat' dir='ltr'>illis:</span> 
     </span>
     <span class='ocr_line' id='line_1_30' title="bbox 261 2945 1084 3030; baseline 0.002 -21"><span class='ocrx_word' id='word_1_183' title='bbox 261 2945 307 3009; x_wconf 79' lang='lat' dir='ltr'>‘Si</span> <span class='ocrx_word' id='word_1_184' title='bbox 329 2953 386 3010; x_wconf 91' lang='lat' dir='ltr'>tua</span> <span class='ocrx_word' id='word_1_185' title='bbox 409 2955 498 3010; x_wconf 89' lang='lat' dir='ltr'>certa</span> <span class='ocrx_word' id='word_1_186' title='bbox 521 2954 576 3010; x_wconf 90' lang='lat' dir='ltr'>tuo</span> <span class='ocrx_word' id='word_1_187' title='bbox 600 2954 730 3010; x_wconf 88' lang='lat' dir='ltr'>maneat</span> <span class='ocrx_word' id='word_1_188' title='bbox 752 2947 830 3009; x_wconf 91' lang='lat' dir='ltr'>mihi</span> <span class='ocrx_word' id='word_1_189' title='bbox 853 2947 957 3030; x_wconf 91' lang='lat' dir='ltr'>gratia</span> <span class='ocrx_word' id='word_1_190' title='bbox 980 2966 1084 3011; x_wconf 80' lang='lat' dir='ltr'>servo.</span> 
     </span>
    </p>

    <p class='ocr_par' dir='ltr' id='par_1_8' title="bbox 264 3033 1076 3206">
     <span class='ocr_line' id='line_1_31' title="bbox 265 3033 1074 3119; baseline -0.001 -22"><span class='ocrx_word' id='word_1_191' title='bbox 265 3033 319 3097; x_wconf 88' lang='lat' dir='ltr'>Ad</span> <span class='ocrx_word' id='word_1_192' title='bbox 341 3041 470 3119; x_wconf 88' lang='lat' dir='ltr'>tempus</span> <span class='ocrx_word' id='word_1_193' title='bbox 493 3033 626 3118; x_wconf 89' lang='lat' dir='ltr'>dignare</span> <span class='ocrx_word' id='word_1_194' title='bbox 650 3055 723 3097; x_wconf 91' lang='lat' dir='ltr'>meo</span> <span class='ocrx_word' id='word_1_195' title='bbox 747 3035 952 3117; x_wconf 83' lang='lat' dir='ltr'>requiescere</span> <span class='ocrx_word' id='word_1_196' title='bbox 976 3040 1074 3107; x_wconf 84' lang='lat' dir='ltr'>tecto,</span> 
     </span>
     <span class='ocr_line' id='line_1_32' title="bbox 264 3119 1076 3206; baseline 0 -23"><span class='ocrx_word' id='word_1_197' title='bbox 264 3119 306 3183; x_wconf 77' lang='lat' dir='ltr'>ut</span> <span class='ocrx_word' id='word_1_198' title='bbox 329 3128 460 3206; x_wconf 91' lang='lat' dir='ltr'>gustare</span> <span class='ocrx_word' id='word_1_199' title='bbox 484 3122 591 3185; x_wconf 90' lang='lat' dir='ltr'>cibum</span> <span class='ocrx_word' id='word_1_200' title='bbox 615 3142 678 3184; x_wconf 91' lang='lat' dir='ltr'>non</span> <span class='ocrx_word' id='word_1_201' title='bbox 703 3119 880 3204; x_wconf 85' lang='lat' dir='ltr'>dedignere</span> <span class='ocrx_word' id='word_1_202' title='bbox 903 3122 1076 3206; x_wconf 61' lang='lat' dir='ltr'>paratum?</span> 
     </span>
    </p>

    <p class='ocr_par' dir='ltr' id='par_1_9' title="bbox 262 3208 1221 3726">
     <span class='ocr_line' id='line_1_33' title="bbox 306 3208 1020 3293; baseline -0.001 -23"><span class='ocrx_word' id='word_1_203' title='bbox 306 3209 453 3293; x_wconf 81' lang='lat' dir='ltr'>Angelus</span> <span class='ocrx_word' id='word_1_204' title='bbox 477 3215 608 3272; x_wconf 90' lang='lat' dir='ltr'>econtra</span> <span class='ocrx_word' id='word_1_205' title='bbox 632 3208 761 3271; x_wconf 88' lang='lat' dir='ltr'>dicebat</span> <span class='ocrx_word' id='word_1_206' title='bbox 784 3227 863 3270; x_wconf 84' lang='lat' dir='ltr'>voce</span> <span class='ocrx_word' id='word_1_207' title='bbox 888 3208 1020 3271; x_wconf 87' lang='lat' dir='ltr'>decora:</span> 
     </span>
     <span class='ocr_line' id='line_1_34' title="bbox 262 3290 1221 3380; baseline 0.001 -24"><span class='ocrx_word' id='word_1_208' title='bbox 262 3290 406 3375; x_wconf 86' lang='lat' dir='ltr'>‘Desine,</span> <span class='ocrx_word' id='word_1_209' title='bbox 429 3316 541 3380; x_wconf 89' lang='lat' dir='ltr'>posco,</span> <span class='ocrx_word' id='word_1_210' title='bbox 564 3316 672 3358; x_wconf 90' lang='lat' dir='ltr'>meum</span> <span class='ocrx_word' id='word_1_211' title='bbox 695 3301 768 3379; x_wconf 91' lang='lat' dir='ltr'>post</span> <span class='ocrx_word' id='word_1_212' title='bbox 791 3294 873 3357; x_wconf 91' lang='lat' dir='ltr'>haec</span> <span class='ocrx_word' id='word_1_213' title='bbox 895 3302 927 3358; x_wconf 91' lang='lat' dir='ltr'>te</span> <span class='ocrx_word' id='word_1_214' title='bbox 952 3294 1059 3358; x_wconf 90' lang='lat' dir='ltr'>dicere</span> <span class='ocrx_word' id='word_1_215' title='bbox 1083 3314 1221 3364; x_wconf 76' lang='lat' dir='ltr'>servum,</span> 
     </span>
     <span class='ocr_line' id='line_1_35' title="bbox 264 3379 1131 3466; baseline -0.002 -23"><span class='ocrx_word' id='word_1_216' title='bbox 264 3379 345 3444; x_wconf 85' lang='lat' dir='ltr'>Esse</span> <span class='ocrx_word' id='word_1_217' title='bbox 369 3379 427 3444; x_wconf 90' lang='lat' dir='ltr'>sed</span> <span class='ocrx_word' id='word_1_218' title='bbox 451 3382 618 3466; x_wconf 89' lang='lat' dir='ltr'>angelicae</span> <span class='ocrx_word' id='word_1_219' title='bbox 643 3388 825 3445; x_wconf 89' lang='lat' dir='ltr'>consortem</span> <span class='ocrx_word' id='word_1_220' title='bbox 849 3380 971 3445; x_wconf 89' lang='lat' dir='ltr'>credito</span> <span class='ocrx_word' id='word_1_221' title='bbox 996 3388 1131 3445; x_wconf 87' lang='lat' dir='ltr'>turmae.</span> 
     </span>
     <span class='ocr_line' id='line_1_36' title="bbox 262 3465 1138 3554; baseline 0.003 -25"><span class='ocrx_word' id='word_1_222' title='bbox 262 3465 346 3531; x_wconf 89' lang='lat' dir='ltr'>Nam</span> <span class='ocrx_word' id='word_1_223' title='bbox 369 3468 448 3532; x_wconf 92' lang='lat' dir='ltr'>mihi</span> <span class='ocrx_word' id='word_1_224' title='bbox 471 3469 608 3532; x_wconf 90' lang='lat' dir='ltr'>terrenis</span> <span class='ocrx_word' id='word_1_225' title='bbox 631 3490 712 3554; x_wconf 90' lang='lat' dir='ltr'>opus</span> <span class='ocrx_word' id='word_1_226' title='bbox 736 3475 873 3531; x_wconf 90' lang='lat' dir='ltr'>estnon</span> <span class='ocrx_word' id='word_1_227' title='bbox 898 3468 1023 3532; x_wconf 83' lang='lat' dir='ltr'>vescier</span> <span class='ocrx_word' id='word_1_228' title='bbox 1046 3468 1138 3532; x_wconf 88' lang='lat' dir='ltr'>escis.</span> 
     </span>
     <span class='ocr_line' id='line_1_37' title="bbox 265 3552 1153 3640; baseline 0 -23"><span class='ocrx_word' id='word_1_229' title='bbox 265 3552 370 3627; x_wconf 83' lang='lat' dir='ltr'>Quem</span> <span class='ocrx_word' id='word_1_230' title='bbox 394 3556 498 3639; x_wconf 94' lang='lat' dir='ltr'>pascit</span> <span class='ocrx_word' id='word_1_231' title='bbox 521 3555 640 3620; x_wconf 92' lang='lat' dir='ltr'>domini</span> <span class='ocrx_word' id='word_1_232' title='bbox 665 3575 794 3639; x_wconf 89' lang='lat' dir='ltr'>semper</span> <span class='ocrx_word' id='word_1_233' title='bbox 815 3556 1000 3640; x_wconf 90' lang='lat' dir='ltr'>praesentia</span> <span class='ocrx_word' id='word_1_234' title='bbox 1023 3555 1153 3618; x_wconf 89' lang='lat' dir='ltr'>summi:</span> 
     </span>
     <span class='ocr_line' id='line_1_38' title="bbox 263 3639 1065 3726; baseline 0.001 -22"><span class='ocrx_word' id='word_1_235' title='bbox 263 3639 470 3726; x_wconf 88' lang='lat' dir='ltr'>Quapropter</span> <span class='ocrx_word' id='word_1_236' title='bbox 492 3663 621 3724; x_wconf 88' lang='lat' dir='ltr'>moneo,</span> <span class='ocrx_word' id='word_1_237' title='bbox 645 3642 773 3706; x_wconf 90' lang='lat' dir='ltr'>domino</span> <span class='ocrx_word' id='word_1_238' title='bbox 797 3642 951 3705; x_wconf 88' lang='lat' dir='ltr'>libamine</span> <span class='ocrx_word' id='word_1_239' title='bbox 975 3662 1065 3705; x_wconf 91' lang='lat' dir='ltr'>sacro</span> 
     </span>
    </p>
   </div>
   <div class='ocr_carea' id='block_1_3' title="bbox 670 3774 1286 3782">
    <p class='ocr_par' dir='ltr' id='par_1_10' title="bbox 670 3774 1286 3782">
     <span class='ocr_line' id='line_1_39' title="bbox 670 3774 1286 3782; baseline -0.003 0"><span class='ocrx_word' id='word_1_240' title='bbox 670 3777 737 3782; x_wconf 78' lang='lat'>-.-</span> <span class='ocrx_word' id='word_1_241' title='bbox 753 3778 757 3781; x_wconf 43' lang='lat' dir='ltr'>v</span> <span class='ocrx_word' id='word_1_242' title='bbox 771 3775 1247 3782; x_wconf 68' lang='lat'><strong>-—-·-·-—-—-——--—-—-.-—.-</strong></span> <span class='ocrx_word' id='word_1_243' title='bbox 1259 3774 1286 3780; x_wconf 83' lang='lat'>—-</span> 
     </span>
    </p>
   </div>
   <div class='ocr_carea' id='block_1_4' title="bbox 154 3846 1290 4056">
    <p class='ocr_par' dir='ltr' id='par_1_11' title="bbox 154 3846 1290 4056">
     <span class='ocr_line' id='line_1_40' title="bbox 242 3846 1289 3917; baseline 0.001 -18"><span class='ocrx_word' id='word_1_244' title='bbox 242 3846 293 3901; x_wconf 75' lang='lat'>172</span> <span class='ocrx_word' id='word_1_245' title='bbox 316 3850 411 3917; x_wconf 83' lang='lat' dir='ltr'>regridi</span> <span class='ocrx_word' id='word_1_246' title='bbox 438 3850 511 3914; x_wconf 77' lang='lat' dir='ltr'>M¹p¹</span> <span class='ocrx_word' id='word_1_247' title='bbox 612 3847 661 3903; x_wconf 92' lang='grc'>173</span> <span class='ocrx_word' id='word_1_248' title='bbox 683 3854 718 3902; x_wconf 77' lang='lat' dir='ltr'>Ar</span> <span class='ocrx_word' id='word_1_249' title='bbox 741 3851 771 3901; x_wconf 73' lang='lat' dir='ltr'>,u</span> <span class='ocrx_word' id='word_1_250' title='bbox 867 3848 917 3902; x_wconf 83' lang='grc'>174</span> <span class='ocrx_word' id='word_1_251' title='bbox 940 3853 1023 3902; x_wconf 86' lang='lat' dir='ltr'>uicem</span> <span class='ocrx_word' id='word_1_252' title='bbox 1046 3851 1090 3901; x_wconf 75' lang='lat' dir='ltr'>M:</span> <span class='ocrx_word' id='word_1_253' title='bbox 1112 3852 1214 3902; x_wconf 62' lang='lat' dir='ltr'>conexi</span> <span class='ocrx_word' id='word_1_254' title='bbox 1234 3851 1289 3902; x_wconf 79' lang='lat' dir='ltr'>coll.</span> 
     </span>
     <span class='ocr_line' id='line_1_41' title="bbox 154 3915 1289 3987; baseline 0.006 -21"><span class='ocrx_word' id='word_1_255' title='bbox 154 3915 227 3968; x_wconf 78' lang='grc' dir='ltr'>Μαι.</span> <span class='ocrx_word' id='word_1_256' title='bbox 246 3921 300 3969; x_wconf 74' lang='lat'>212.</span> <span class='ocrx_word' id='word_1_257' title='bbox 319 3921 378 3970; x_wconf 80' lang='lat'><strong><em>238.</em></strong></span> <span class='ocrx_word' id='word_1_258' title='bbox 398 3923 453 3971; x_wconf 79' lang='lat'><strong><em>287.</em></strong></span> <span class='ocrx_word' id='word_1_259' title='bbox 471 3924 526 3971; x_wconf 76' lang='lat'><strong><em>321.</em></strong></span> <span class='ocrx_word' id='word_1_260' title='bbox 547 3923 601 3972; x_wconf 79' lang='lat'><em>371.</em></span> <span class='ocrx_word' id='word_1_261' title='bbox 691 3918 740 3972; x_wconf 90' lang='grc'>179</span> <span class='ocrx_word' id='word_1_262' title='bbox 764 3936 905 3987; x_wconf 85' lang='lat' dir='ltr'>permagna</span> <span class='ocrx_word' id='word_1_263' title='bbox 929 3922 1019 3986; x_wconf 86' lang='lat' dir='ltr'>gaudii</span> <span class='ocrx_word' id='word_1_264' title='bbox 1037 3920 1079 3970; x_wconf 82' lang='lat' dir='ltr'>M¹</span> <span class='ocrx_word' id='word_1_265' title='bbox 1104 3920 1184 3983; x_wconf 84' lang='lat' dir='ltr'>(corr.</span> <span class='ocrx_word' id='word_1_266' title='bbox 1209 3940 1240 3972; x_wconf 90' lang='grc' dir='ltr'>ιι.</span> <span class='ocrx_word' id='word_1_267' title='bbox 1260 3922 1289 3980; x_wconf 87' lang='lat' dir='ltr'>ll,</span> 
     </span>
     <span class='ocr_line' id='line_1_42' title="bbox 158 3988 1290 4056; baseline 0.002 -19"><span class='ocrx_word' id='word_1_268' title='bbox 158 4003 298 4053; x_wconf 78' lang='lat' dir='ltr'>permagna</span> <span class='ocrx_word' id='word_1_269' title='bbox 316 3990 414 4055; x_wconf 87' lang='lat' dir='ltr'>gaudia</span> <span class='ocrx_word' id='word_1_270' title='bbox 428 4006 449 4053; x_wconf 83' lang='lat' dir='ltr'>p</span> <span class='ocrx_word' id='word_1_271' title='bbox 530 3988 579 4040; x_wconf 86' lang='grc'>193</span> <span class='ocrx_word' id='word_1_272' title='bbox 598 3991 624 4040; x_wconf 80' lang='lat' dir='ltr'>Si</span> <span class='ocrx_word' id='word_1_273' title='bbox 643 3991 704 4041; x_wconf 89' lang='lat' dir='ltr'>mihi</span> <span class='ocrx_word' id='word_1_274' title='bbox 723 4003 793 4042; x_wconf 86' lang='lat' dir='ltr'>certa</span> <span class='ocrx_word' id='word_1_275' title='bbox 812 4001 856 4041; x_wconf 81' lang='lat' dir='ltr'>tuo</span> <span class='ocrx_word' id='word_1_276' title='bbox 875 3998 976 4041; x_wconf 84' lang='lat' dir='ltr'>ursncst</span> <span class='ocrx_word' id='word_1_277' title='bbox 994 4000 1039 4040; x_wconf 81' lang='lat' dir='ltr'>tua</span> <span class='ocrx_word' id='word_1_278' title='bbox 1057 3993 1141 4056; x_wconf 82' lang='lat' dir='ltr'>gratis</span> <span class='ocrx_word' id='word_1_279' title='bbox 1159 4009 1232 4042; x_wconf 80' lang='lat' dir='ltr'>servo</span> <span class='ocrx_word' id='word_1_280' title='bbox 1252 3989 1290 4039; x_wconf 72' lang='grc' dir='ltr'>Μ’</span> 
     </span>
    </p>
   </div>
   <div class='ocr_carea' id='block_1_5' title="bbox 153 4158 1292 4436">
    <p class='ocr_par' dir='ltr' id='par_1_12' title="bbox 153 4158 1292 4436">
     <span class='ocr_line' id='line_1_43' title="bbox 245 4158 1290 4227; baseline -0.002 -17"><span class='ocrx_word' id='word_1_281' title='bbox 245 4158 295 4210; x_wconf 88' lang='grc'>178</span> <span class='ocrx_word' id='word_1_282' title='bbox 313 4163 348 4225; x_wconf 71' lang='lat' dir='ltr'>cf.</span> <span class='ocrx_word' id='word_1_283' title='bbox 371 4159 441 4210; x_wconf 80' lang='lat' dir='ltr'>Mar.</span> <span class='ocrx_word' id='word_1_284' title='bbox 457 4164 513 4211; x_wconf 78' lang='lat'><strong><em>18⁶.</em></strong></span> <span class='ocrx_word' id='word_1_285' title='bbox 587 4159 637 4212; x_wconf 86' lang='lat'>185</span> <span class='ocrx_word' id='word_1_286' title='bbox 655 4161 832 4211; x_wconf 61' lang='lat' dir='ltr'>Paniscus</span> <span class='ocrx_word' id='word_1_287' title='bbox 849 4162 910 4226; x_wconf 87' lang='lat' dir='ltr'>quia</span> <span class='ocrx_word' id='word_1_288' title='bbox 922 4160 996 4211; x_wconf 87' lang='lat' dir='ltr'>nulla</span> <span class='ocrx_word' id='word_1_289' title='bbox 1014 4162 1064 4211; x_wconf 80' lang='lat' dir='ltr'>suit</span> <span class='ocrx_word' id='word_1_290' title='bbox 1081 4162 1142 4212; x_wconf 82' lang='lat' dir='ltr'>talis</span> <span class='ocrx_word' id='word_1_291' title='bbox 1154 4160 1290 4227; x_wconf 79' lang='lat' dir='ltr'>aliquando</span> 
     </span>
     <span class='ocr_line' id='line_1_44' title="bbox 153 4229 1289 4297; baseline -0.001 -18"><span class='ocrx_word' id='word_1_292' title='bbox 153 4237 214 4280; x_wconf 79' lang='lat' dir='ltr'>aula</span> <span class='ocrx_word' id='word_1_293' title='bbox 231 4245 288 4280; x_wconf 84' lang='lat' dir='ltr'>cam</span> <span class='ocrx_word' id='word_1_294' title='bbox 308 4240 333 4280; x_wconf 82' lang='lat' dir='ltr'>et</span> <span class='ocrx_word' id='word_1_295' title='bbox 351 4237 439 4296; x_wconf 78' lang='lat' dir='ltr'>postea</span> <span class='ocrx_word' id='word_1_296' title='bbox 456 4248 507 4280; x_wconf 93' lang='lat' dir='ltr'>non</span> <span class='ocrx_word' id='word_1_297' title='bbox 526 4231 574 4281; x_wconf 82' lang='lat' dir='ltr'>erit</span> <span class='ocrx_word' id='word_1_298' title='bbox 586 4232 676 4282; x_wconf 86' lang='lat' dir='ltr'>similis</span> <span class='ocrx_word' id='word_1_299' title='bbox 691 4232 727 4293; x_wconf 86' lang='lat' dir='ltr'>ei;</span> <span class='ocrx_word' id='word_1_300' title='bbox 746 4229 780 4292; x_wconf 79' lang='lat' dir='ltr'>cs.</span> <span class='ocrx_word' id='word_1_301' title='bbox 801 4230 889 4281; x_wconf 77' lang='lat' dir='ltr'>Sedul.</span> <span class='ocrx_word' id='word_1_302' title='bbox 906 4229 942 4278; x_wconf 88' lang='grc' dir='ltr'>ΙΙ</span> <span class='ocrx_word' id='word_1_303' title='bbox 951 4233 987 4281; x_wconf 78' lang='grc'>68</span> <span class='ocrx_word' id='word_1_304' title='bbox 1004 4246 1051 4280; x_wconf 83' lang='lat' dir='ltr'>nec</span> <span class='ocrx_word' id='word_1_305' title='bbox 1065 4232 1171 4297; x_wconf 83' lang='lat' dir='ltr'>primam</span> <span class='ocrx_word' id='word_1_306' title='bbox 1185 4230 1289 4280; x_wconf 82' lang='lat' dir='ltr'>similem</span> 
     </span>
     <span class='ocr_line' id='line_1_45' title="bbox 155 4297 1292 4365; baseline 0 -16"><span class='ocrx_word' id='word_1_307' title='bbox 155 4297 211 4348; x_wconf 77' lang='lat' dir='ltr'>vias</span> <span class='ocrx_word' id='word_1_308' title='bbox 234 4315 262 4350; x_wconf 76' lang='lat' dir='ltr'>aa</span> <span class='ocrx_word' id='word_1_309' title='bbox 285 4316 334 4350; x_wconf 87' lang='lat' dir='ltr'>nso</span> <span class='ocrx_word' id='word_1_310' title='bbox 356 4299 450 4350; x_wconf 81' lang='lat' dir='ltr'>habero</span> <span class='ocrx_word' id='word_1_311' title='bbox 472 4308 629 4365; x_wconf 81' lang='lat' dir='ltr'>sequentem.</span> <span class='ocrx_word' id='word_1_312' title='bbox 728 4299 777 4351; x_wconf 77' lang='lat'>188</span> <span class='ocrx_word' id='word_1_313' title='bbox 794 4318 829 4365; x_wconf 78' lang='lat' dir='ltr'>aq.</span> <span class='ocrx_word' id='word_1_314' title='bbox 854 4304 887 4365; x_wconf 69' lang='lat' dir='ltr'>cf.</span> <span class='ocrx_word' id='word_1_315' title='bbox 911 4298 982 4350; x_wconf 79' lang='grc' dir='ltr'>Μαι.</span> <span class='ocrx_word' id='word_1_316' title='bbox 1001 4304 1049 4350; x_wconf 76' lang='grc'>475</span> <span class='ocrx_word' id='word_1_317' title='bbox 1066 4318 1103 4364; x_wconf 77' lang='lat' dir='ltr'>eq.</span> <span class='ocrx_word' id='word_1_318' title='bbox 1130 4303 1199 4362; x_wconf 71' lang='lat' dir='ltr'>(uto.</span> <span class='ocrx_word' id='word_1_319' title='bbox 1223 4299 1292 4362; x_wconf 71' lang='lat'>34⁴),</span> 
     </span>
     <span class='ocr_line' id='line_1_46' title="bbox 159 4367 679 4436; baseline 0.004 -18"><span class='ocrx_word' id='word_1_320' title='bbox 159 4367 309 4435; x_wconf 51' lang='lat' dir='ltr'>Genuum,</span> <span class='ocrx_word' id='word_1_321' title='bbox 334 4367 521 4436; x_wconf 58' lang='lat' dir='ltr'>Theophane,</span> <span class='ocrx_word' id='word_1_322' title='bbox 541 4370 609 4435; x_wconf 69' lang='lat' dir='ltr'>Aoo.</span> <span class='ocrx_word' id='word_1_323' title='bbox 622 4371 679 4420; x_wconf 81' lang='lat'><strong><em>230.</em></strong></span> 
     </span>
    </p>
   </div>
   <div class='ocr_carea' id='block_1_6' title="bbox 0 0 1465 5024">
    <p class='ocr_par' dir='ltr' id='par_1_13' title="bbox 0 0 1465 5024">
     <span class='ocr_line' id='line_1_47' title="bbox 0 0 1465 5024; baseline 0 0"><span class='ocrx_word' id='word_1_324' title='bbox 0 0 1465 5024; x_wconf 95' lang='lat' dir='ltr'> </span> 
     </span>
    </p>
   </div>
  </div>
 </body>
</html>
