2910 5024
519 340 781 397 nuorsvl‘fflsa
798 339 929 397 OPERA.

262 517 328 582 Per
350 535 446 602 quam
469 522 543 578 sunt
565 514 679 579 crebro
695 515 858 579 miracula
880 521 971 579 tauta
992 520 1137 601 patrata:

262 603 349 668 Ense
372 601 433 666 sed
453 601 585 665 inmisso
608 608 756 665 tenerum
779 607 891 686 guttur
910 599 1126 688 penetrando,
1261 621 1287 684 pi

262 689 403 754 Martiris
426 688 580 773 egregiae
602 688 749 772 iugulum
770 686 913 773 perfodit
935 708 1045 769 arare,

262 776 306 841 Et
326 777 397 841 vice
420 795 586 854 conversa,
610 773 697 859 quod
717 794 782 838 non
803 775 957 859 speravit,
979 773 1109 860 egendo

262 862 315 927 Illi
335 861 485 948 profecit,
508 861 559 925 cui
581 861 681 945 gratis
705 860 821 926 obesse
845 861 977 947 cupivit,

262 949 497 1013 Transmittens
519 947 622 1028 caclo,
646 967 743 1032 quam
765 947 927 1012 subtraxit
949 949 1035 1014 male
1058 947 1183 1013 mundo.

264 1034 327 1099 Ast
347 1035 414 1116 nbi,
436 1055 495 1120 pro
519 1032 646 1098 Christo
670 1033 782 1098 loetali
804 1034 938 1099 vulnere
962 1035 1063 1117 laesa,

263 1120 455 1186 Extremum
479 1120 608 1185 domino
631 1121 743 1184 flatum
764 1119 873 1185 reddit
894 1120 1064 1187 moriendo

263 1208 371 1293 Atque
394 1207 459 1272 fide
482 1207 571 1271 selva
593 1205 740 1290 gaudem
763 1206 926 1271 obdormit
946 1208 980 1272 iu
1000 1208 1068 1291 illo,

264 1293 361 1359 Ocius
385 1293 523 1379 angelici
545 1300 658 1357 coetus
681 1293 722 1357 de
745 1291 852 1359 sidere
875 1295 958 1380 lapsi

263 1380 418 1445 Astantes
440 1382 581 1444 animam
604 1380 698 1444 niveo
722 1379 863 1445 candore
887 1400 1053 1447 coruscam

265 1467 400 1532 Necnon
423 1466 572 1531 caelestis
594 1465 758 1552 perfusam
780 1467 853 1532 luce
875 1468 987 1532 nitoris

263 1553 390 1618 Blande
413 1554 590 1638 suscipiunt
612 1553 754 1638 laetique
776 1573 837 1638 per
859 1573 936 1618 cera
958 1554 1088 1633 tollunt,

264 1640 415 1725 Congrue
440 1639 566 1704 divinae
590 1637 695 1703 laudis
718 1640 944 1705 resonantibus
966 1640 1111 1726 hymnis:

263 1727 411 1812 indeque
434 1732 650 1790 transvectam
674 1726 798 1790 celeres
820 1747 918 1811 super
940 1727 1084 1794 aetheris
1105 1731 1189 1816 ignes

263 1813 395 1878 Ducunt
417 1815 609 1896 astrigeram
632 1814 740 1897 sponsi
763 1813 913 1877 caelestis
935 1813 968 1877 in
990 1814 1109 1880 aulam.

264 1902 295 1964 A
318 1921 382 1985 quo
405 1900 555 1964 continuo
579 1899 701 1963 clarum
723 1899 875 1963 rutilante
898 1920 1016 1964 corona

263 1986 414 2051 Donatur
434 2006 536 2072 purae
559 2006 617 2070 pro
642 1986 834 2070 virginitatis
856 1986 997 2060 honore;

264 2073 335 2137 Nec
357 2074 462 2137 minus
485 2092 574 2156 ergo,
598 2072 647 2135 sui
670 2073 762 2157 signo
787 2071 938 2137 donanda
959 2072 1123 2159 triumpbl

264 2158 401 2224 Martirii
423 2161 566 2244 palmam
589 2160 724 2243 sumpsit
746 2159 816 2222 sine
839 2159 903 2223 fine
925 2158 1117 2245 gerendam,

267 2245 338 2319 Quo
361 2247 473 2310 martir
494 2246 583 2325 felix,
608 2244 728 2329 duplici
751 2246 927 2309 certamine
950 2247 1077 2327 victrim

267 2330 419 2417 Corporis
443 2339 476 2395 et
497 2333 614 2395 mentis
638 2332 725 2396 carni
749 2351 880 2417 semper
901 2333 1079 2413 renitentis,

266 2417 369 2482 Utens
392 2418 516 2482 aeterni
539 2418 650 2482 bravio
674 2417 801 2482 decoris
824 2418 998 2503 duplicato,

266 2504 356 2568 Inter
377 2505 538 2588 virgineas
561 2504 702 2588 fulgeret
724 2505 810 2569 clara
833 2513 990 2586 catervas,

264 2590 348 2655 Lilia
371 2611 442 2668 ceu,
466 2590 598 2676 pulchre
621 2611 716 2655 roseo
738 2592 903 2674 permixta
924 2591 1054 2676 rubore,

263 2677 354 2741 Inter
377 2677 508 2742 delicias
533 2678 646 2741 florum
669 2677 780 2741 rutilat
801 2680 972 2742 variorum.
1260 2664 1287 2731 l·3

306 2763 437 2828 Interea
460 2784 588 2849 quoque
611 2784 807 2828 summorum
830 2784 922 2829 sccra
945 2785 1022 2829 cura
1046 2776 1206 2853 parentum

263 2849 435 2914 Bxcultam
458 2872 586 2935 magna,
609 2852 704 2914 funus
726 2851 924 2929 venerabile,
946 2872 1069 2938 pompa

264 2937 303 3001 Iu
325 2938 450 3022 gremio
473 2943 579 3001 terrae
604 2944 672 3001 toto
696 2938 841 3001 contexit
862 2936 1002 3012 honore;

262 3023 333 3088 Nec
355 3025 462 3087 saltim
484 3024 613 3088 bustum
637 3031 782 3088 sacratae
805 3024 937 3109 virginis
958 3025 1075 3110 ipsum,

265 3109 360 3183 Quod
383 3131 441 3195 pro
467 3110 633 3174 servandis
655 3112 762 3174 fuerat
786 3111 973 3175 venerabile
996 3113 1160 3185 membris

264 3195 453 3260 Sollicitudo
476 3198 652 3281 parentalis
675 3198 868 3281 contempsit
889 3198 1018 3275 amoris,

265 3281 332 3346 Sed
355 3282 413 3346 sub
437 3284 600 3347 nocturnis
623 3290 732 3347 servat
754 3284 938 3368 vigilantius
961 3284 1059 3350 horis.

266 3366 320 3448 At,
345 3367 420 3432 dum
443 3370 618 3454 pervigiles
642 3376 796 3433 consueto
819 3389 909 3434 more
934 3379 1088 3456 parentes

263 3454 427 3519 Excubiae
451 3456 532 3540 proli
556 3455 765 3521 celebrabant
787 3463 896 3520 mente
919 3455 1019 3537 fideli,

266 3539 409 3605 Caelitus
432 3542 481 3605 his
504 3543 581 3627 ipsis
607 3549 803 3606 monstratur
826 3543 905 3607 visio
929 3544 1016 3608 talis:

263 3626 413 3712 Denique
437 3631 597 3713 virgineas
620 3629 726 3693 subito
751 3628 950 3694 descendere
973 3637 1095 3694 turmas

264 3713 433 3795 Viderunt,
457 3716 564 3800 lapsas
588 3716 686 3780 celeri
708 3716 749 3780 de
773 3716 904 3780 cardine
928 3716 1020 3797 caeli,

266 3799 405 3865 Ornatas
428 3802 572 3886 pulchre,
596 3803 692 3887 pleno
717 3809 928 3888 comptasque
952 3802 1085 3876 decorc;

263 3887 354 3952 Inter
376 3909 457 3974 quas
479 3891 597 3973 Agnen
620 3889 715 3952 simili
737 3888 909 3973 splendore
933 3890 1091 3954 nitentem

240 4043 292 4095 406
311 4045 441 4111 egreiedl
473 4062 560 4096 aurare
575 4047 654 4096 Uelleo
716 4044 768 4096 412
782 4045 1002 4098 obdormites'cd!
1056 4043 1108 4097 ⁴27
1120 4033 1271 4120 mmm!

155 4109 207 4163 429
225 4115 331 4165 rutilant
351 4115 430 4166 Uelleo
510 4114 560 4166 431
581 4115 719 4166 Excultum
740 4115 834 4177 vellen
852 4116 907 4167 Pel.
925 4134 947 4166 c.
959 4119 1008 4168 363
1024 4117 1200 4168 extinctum
1214 4118 1270 4164 m

155 4183 235 4232 funus
253 4184 400 4235 venerabile
418 4184 494 4234 aliter
512 4194 677 4250 comparatas
688 4193 724 4236 est
793 4183 845 4237 443
862 4202 948 4251 agnou
966 4186 1003 4236 ric
1015 4183 1048 4235 Μ
1059 4183 1270 4251 proaulam

155 4252 278 4308 teleutonr
295 4262 322 4301 ot
339 4255 373 4318 cf.
391 4272 414 4303 s.
427 4256 476 4304 346

241 4369 292 4422 4ο4
310 4374 344 4437 cs.
366 4373 513 4438 corpses.
595 4370 826 4440 4214449444,
905 4371 955 4424 sn
975 4374 1063 4440 apa·
1080 4372 1158 4426 arse
1174 4362 1274 4437 ιᾳισ)
