2910 5024
501 341 571 396 113.
593 342 771 397 Golimoclraa.
1153 344 1202 398 137

11 514 39 604 l]
151 511 322 578 Deusreus.
368 513 453 589 Quid
482 535 609 580 mecum
640 516 735 596 velis,
765 513 969 597 Calimache,
1002 518 1203 582 sermonibus

63 618 177 684 agere,
200 598 413 666 vehementer
435 600 587 668 admiror.
607 605 613 682 Ι

8 692 45 742 Μ
154 684 361 751 Cemmenus.
405 687 575 765 Mirarisll

149 772 320 839 Dnusrnun.
366 773 487 857 Satis!

151 857 358 924 Osnruncrrus.
402 860 547 924 Primum
571 858 612 924 de
636 861 783 941 amoral
1231 877 1243 916 ε

152 944 323 1009 Drusum.
369 944 454 1020 Quid
478 945 519 1010 de
542 947 700 1026 amorell

152 1029 359 1097 Osnruncrrns.
404 1032 443 1096 ld
466 1033 599 1114 scilicet,
623 1030 710 1117 quod
733 1039 765 1096 te
789 1052 868 1118 prae
892 1032 1038 1096 omnibns
1062 1031 1171 1117 diligo.
1216 1034 1263 1100 sol.
1277 1038 1327 1085 9⁶¹

13 1113 34 1174 2
148 1115 318 1181 Dnosrnnn.
372 1117 467 1193 Quod
497 1120 546 1182 ius
576 1120 871 1203 consanguinitatis,
896 1122 901 1200 Ι
930 1139 1055 1204 quaeve
1085 1119 1201 1204 legalis

58 1201 202 1267 conditio
225 1204 433 1268 institutionis
453 1208 458 1283 Ι
479 1206 644 1289 compellit
667 1211 699 1268 te
723 1205 853 1270 admei
876 1211 1039 1269 amorem?

151 1288 358 1355 canimenos.
397 1291 459 1355 Tui
481 1290 722 1377 pulchritudo!
1223 1323 1247 1362 ιο

150 1374 321 1441 Dnusmns.
366 1376 442 1442 Mea
464 1378 714 1464 pulchritudo‘tl

151 1460 357 1528 emmaus.
403 1464 543 1546 Immo!

149 1547 320 1612 Dausrnun.
365 1548 451 1624 Quid
473 1550 516 1614 ad
538 1556 595 1614 tel

151 1632 357 1700 Cnuruaonus.
407 1638 470 1701 Pro
499 1637 604 1701 dolor!
637 1635 793 1700 haetenus
823 1656 948 1720 parum,
976 1636 981 1719 Ι
1008 1633 1067 1699 sed
1097 1654 1203 1719 spero,

61 1719 153 1804 qnod
177 1722 314 1785 attineat
336 1721 552 1807 postmodum.
574 1725 579 1804 Ι
1223 1753 1246 1791 u

11 1815 33 1876 3
150 1806 322 1873 Densum.
366 1808 518 1889 Discede,
542 1807 683 1889 discede,
704 1811 709 1888 Ι
728 1809 801 1871 leno
824 1806 979 1882 nefande;
1001 1811 1005 1887 Ι
1026 1806 1206 1873 confundor

62 1891 152 1955 enim
176 1893 295 1957 diutius
319 1901 426 1959 tecum
441 1896 542 1961 verba
566 1897 786 1976 commiscere,
807 1897 811 1973 Ι
832 1915 928 1980 quem
952 1895 1056 1959 sentio
1073 1896 1206 1980 plenum

61 1977 226 2044 diabolica
250 1979 478 2067 deceptione!

151 2062 356 2132 Cluuienus.
406 2067 482 2132 Mea
504 2068 679 2147 Drusiana,
708 2087 749 2130 ne
780 2067 920 2152 repellas
949 2073 983 2131 te
1011 2071 1174 2131 amantem
1199 2066 1203 2150 Ι

61 2157 186 2251 tuoque
199 2173 320 2318 ,amore
343 2153 537 2220 cordetenus
559 2154 794 2232 inhaerentem,
815 2162 819 2232 Ι
839 2152 898 2217 sed
926 2153 1078 2239 impende
1102 2154 1204 2217 amori
1222 2183 1248 2222 ao

61 2257 180 2301 vicem.

152 2323 322 2389 Densum.
367 2325 544 2390 Lenooinia
566 2331 621 2388 tua
642 2327 734 2411 parri
756 2324 864 2411 pendo
885 2328 889 2405 Ι
909 2326 1020 2411 tuique
1039 2325 1204 2390 lasciviam

64 2408 207 2489 fmtidio,
227 2411 232 2493 Ι
252 2410 311 2474 sed
333 2418 366 2478 te
389 2413 493 2499 ipsum
516 2412 645 2497 penitus
667 2432 793 2497 apeme.
815 2413 820 2493 Ι

10 2485 44 2534 '⁷·
153 2494 359 2563 Cruruncrrus.
405 2497 522 2562 Adhuc
544 2519 609 2561 non
631 2499 762 2584 repperi
785 2498 987 2571 occasionem
1010 2496 1203 2581 irascendi)

21 2554 41 2613 ⁴
66 2583 153 2667 quia,
179 2581 256 2667 quid
277 2603 353 2647 mea
374 2585 407 2648 in
429 2589 462 2649 te
485 2591 564 2670 agat
586 2583 726 2665 dilectio,
750 2585 833 2649 forte
857 2583 1021 2648 erubescis
1043 2584 1148 2648 fateri.
1169 2584 1174 2667 Ι
1223 2611 1248 2652 as

153 2667 324 2733 Daosrnnn.
368 2670 457 2734 Nihil
480 2669 578 2749 aliud,
601 2672 661 2735 nisi
684 2670 949 2756 indignationem.

154 2753 360 2821 Cruruncuos.
407 2754 527 2838 Credo,
559 2762 591 2820 te
614 2756 698 2823 hanc
720 2759 913 2821 sententiam
935 2762 1094 2820 mutatum
1117 2756 1175 2818 ire.
1200 2752 1204 2838 Ι

151 2839 323 2907 Densum.
367 2841 441 2907 Non
462 2843 606 2926 mutabo,
630 2850 792 2931 percerte!
813 2848 818 2925 Ι

153 2925 360 2994 Curuncrms.
404 2929 518 2993 Forte!

28 3015 45 3075 t
151 3012 322 3082 Densum.
367 3014 582 3080 Oinsensate
613 3021 646 3079 et
668 3036 793 3097 amens,
823 3035 879 3080 cur
905 3015 1046 3079 falleris?
1067 3013 1073 3095 Ι
1092 3032 1149 3076 cur
1170 3017 1204 3075 te
1223 3041 1249 3081 ro

65 3118 169 3162 vacua
191 3119 249 3183 spe
272 3100 402 3164 illudis?
423 3101 427 3186 Ι
448 3123 510 3187 quo
534 3109 646 3188 pacto,
677 3123 741 3188 qua
764 3102 928 3166 dementia
950 3102 1030 3165 reris
1052 3119 1105 3163 me
1128 3105 1205 3162 tuae

66 3183 185 3250 cedere
200 3188 388 3270 nugacitati,
407 3190 413 3269 Ι
434 3209 517 3274 qnae
540 3189 751 3276 permultum
767 3189 922 3274 temporis
944 3208 964 3251 a
979 3187 1095 3273 legalis
1111 3184 1206 3249 thoro

65 3271 123 3335 riri
150 3293 204 3336 me
227 3272 412 3345 abstinuit!

153 3357 358 3425 Cluuienus.
409 3360 473 3424 Pro
504 3359 600 3424 deum
628 3366 662 3424 at
685 3381 726 3424 ue
749 3358 914 3423 hominnm
937 3357 1053 3423 fidam!
1087 3359 1114 3422 si
1142 3377 1207 3421 non

66 3446 214 3527 cesseris,
234 3448 239 3528 Ι
259 3467 324 3510 non
357 3447 531 3531 quiescam,
552 3455 557 3523 Ι
576 3467 641 3510 non
664 3381 833 3527 desistam,
854 3452 858 3521 Ι
878 3444 983 3510 donec
1009 3451 1042 3510 te
1069 3450 1205 3530 captuo-
1224 3471 1249 3512 as

64 3531 108 3594 sis
129 3532 134 3613 Ι
156 3532 404 3597 circumveniam
424 3532 556 3597 insidiis.
577 3541 582 3614 Ι

11 3757 40 3826 V
153 3755 325 3821 Densum.
370 3755 421 3820 Eh
443 3756 522 3820 heu!
547 3755 676 3821 domine
697 3755 774 3818 lesu
789 3752 926 3834 Christe,
946 3753 951 3836 Ι
972 3750 1050 3838 quid
1072 3749 1207 3836 prodest

64 3843 227 3908 actitatis
243 3843 478 3928 professionem
493 3842 641 3923 subiisse,
662 3840 666 3919 Ι
687 3862 760 3906 cum
781 3842 808 3904 is
824 3861 935 3904 amens
957 3859 1032 3903 rnea
1048 3837 1206 3922 deceptus

152 4006 186 4059 ll
204 3989 369 4091 commiscere
386 4006 421 4057 Μ
434 4005 513 4070 (com
531 4007 581 4060 del.
599 4025 632 4059 m.
644 4008 679 4074 1),
696 4007 889 4059 comminiscere
902 4004 936 4071 p¹
1036 4000 1071 4055 28
1090 4009 1205 4070 procerte

57 4095 109 4161 (ric
122 4096 159 4162 pl
178 4096 207 4146 ia
224 4102 339 4163 percerte
356 4111 425 4146 corr.
438 4094 469 4144 Μ
485 4096 548 4160 (per
560 4095 654 4160 comp.)
723 4092 757 4146 35
775 4093 918 4145 oasaaueris
930 4091 973 4142 M:
990 4089 1205 4154 correci(cadara

57 4185 82 4220 a.
93 4169 143 4227 aa·
160 4166 198 4232 cs.
213 4163 427 4230 p.132,2lqu.),·
444 4165 604 4216 consenssris
623 4159 705 4216 oeteo

150 4281 440 4350 lcssGalle.
544 4279 820 4349 domnitam&
925 4276 1205 4341 menstruata.

52 4357 76 4410 1
83 4359 139 4422 Η
158 4371 207 4423 pro
225 4352 304 4405 deum
320 4359 397 4418 etque
414 4352 547 4404 hominum
564 4353 648 4404 fidam.
