2910 5024
486 363 526 418 lIl
546 366 568 418 l.
584 368 658 433 qesta
681 363 792 418 ottonis.

178 535 246 601 Sed
268 535 341 621 plus
363 540 525 600 tantorum
547 558 697 601 maerens
720 536 761 601 de
785 537 886 603 caede
910 540 1061 621 virorum,

179 621 325 707 Sumpsit
346 642 410 685 non
432 622 605 702 modicum,
628 623 763 687 Davidis
786 645 886 706 more,
908 625 1097 708 lamentum,

178 708 241 782 Qui
264 728 363 793 super
385 711 527 772 occisum
550 709 653 773 doluit
675 730 787 793 regem
810 713 863 795 pie
888 711 1030 776 Senium.

219 795 282 858 Ast
304 793 359 857 ubi
382 796 520 859 victores
540 796 620 860 laeti
642 817 772 877 venere,
795 797 942 862 videntes
1150 814 1208 866 (ero)

177 881 270 944 Illius
293 881 371 944 fusis
393 882 516 945 vultum
538 881 678 946 lacrimis
701 881 930 964 madefactum,

176 966 270 1031 Haut
292 987 311 1030 a
336 974 404 1031 tum
427 974 517 1031 tanto
539 969 661 1032 luctum
685 968 797 1033 dixere
821 972 995 1057 triumpho,

176 1052 245 1117 Sed
266 988 359 1117 reddi
383 1062 492 1138 grates
515 1056 584 1138 regi
607 1054 729 1119 debere
751 1058 896 1140 perenni,

178 1138 242 1212 Qui
264 1145 340 1204 tunc
361 1141 491 1226 impleri
513 1141 590 1205 fecit
611 1142 734 1225 pietate
756 1141 854 1224 fideli,

178 1223 275 1298 Quod
296 1232 388 1311 patet
410 1229 444 1290 in
464 1227 547 1291 libro
571 1229 656 1312 regis
680 1229 832 1313 scriptum
857 1229 1049 1311 Salomonis,

179 1310 337 1395 Dicentis,
359 1314 479 1376 iustum
502 1313 543 1378 de
567 1314 695 1378 tristitia
717 1315 920 1379 liberandum

177 1396 314 1463 Necnon
335 1400 488 1464 iniustum
512 1421 569 1485 pro
593 1402 677 1464 iusto
700 1422 778 1464 mox
800 1401 868 1465 fore
893 1400 1045 1468 dandum.

180 1482 243 1548 His
266 1494 409 1550 mentem
432 1487 518 1570 regis
541 1486 755 1551 demulcendo
778 1486 929 1569 suadelis,

176 1569 195 1634 Ι
219 1592 290 1635 sum
312 1573 474 1637 tristitiam
498 1578 618 1658 cogunt
641 1573 805 1658 deponere
829 1581 954 1639 tantam

209 1664 222 1719 t
243 1658 328 1722 benc
351 1660 472 1723 victrici
496 1659 754 1743 congaudentem
777 1661 898 1745 legioni

179 1741 223 1807 Se
245 1750 320 1829 post
341 1744 429 1809 bella
451 1747 516 1810 suis
538 1745 693 1810 blandum
715 1746 875 1831 praebere
898 1746 1060 1810 ministris.

180 1827 243 1902 Qui
263 1851 350 1912 nam,
372 1833 530 1896 laetitiam
552 1833 643 1896 vultu
664 1839 847 1896 monstrans
869 1831 1082 1915 moderatam,

181 1915 250 1980 Sed
273 1918 355 1981 clam
379 1918 566 1982 subtristem
589 1939 720 1982 servans
744 1920 777 1982 in
800 1918 897 1983 eorde
922 1917 1079 2001 dolorem,

179 2001 355 2067 Reddebat
376 2011 486 2088 grates
508 2005 573 2068 imo
597 2002 638 2068 ds
662 2011 794 2089 pectore
819 2004 957 2085 Christo,

178 2086 253 2151 Non
277 2088 414 2154 dederat
435 2092 572 2175 propriis
594 2092 699 2175 ipsum
722 2093 797 2176 quia
820 2096 895 2155 tunc
917 2091 1053 2154 inimicis
1078 2124 1080 2129 v

180 2174 352 2253 Praedam,
376 2176 434 2240 sed
458 2176 574 2240 dextra
596 2178 739 2261 protegit
762 2179 822 2240 rite
845 2197 1003 2261 superna;

179 2259 195 2323 Ι
220 2263 284 2325 sius
308 2263 435 2326 titulum
459 2264 539 2326 tanti
563 2265 748 2347 clarumque
771 2264 925 2348 triumphi

212 2368 253 2411 on
275 2347 346 2429 sibi,
370 2348 428 2412 sed
452 2348 569 2413 Christi
593 2349 774 2433 designavit
797 2351 921 2436 pietati.

227 2433 288 2497 His
311 2436 356 2498 ita
379 2434 523 2519 digestis,
547 2435 707 2499 modicum
731 2443 859 2522 tempus
881 2438 1042 2522 requievit

182 2519 292 2584 Civilis
315 2521 392 2585 belli
416 2522 554 2607 populus
576 2522 750 2586 luctamine
773 2523 885 2586 lassus.

182 2605 248 2670 Sed
271 2628 331 2672 nee
354 2609 399 2671 sic
420 2609 539 2672 veteris
560 2609 657 2672 finem
680 2610 816 2693 sumpsit
838 2608 931 2673 dolus
952 2610 1064 2694 hostis,

182 2691 246 2766 Qui
268 2714 399 2779 semper
419 2693 551 2778 fragiles
573 2700 712 2844 temptat
735 2701 921 2780 pervertere
944 2703 1081 2779 mentes,

181 2779 263 2842 Post
285 2781 405 2844 laetum
429 2781 552 2844 lacinus
575 2801 633 2843 sna
659 2801 715 2844 ens
738 2781 957 2867 superaddere
981 2785 1084 2869 peius.

179 2865 298 2930 Fertur
319 2874 468 2953 percerte
493 2867 694 2951 quorundam
716 2874 851 2951 pectora
874 2866 938 2931 bile

181 2952 288 3016 Tanto
311 2955 456 3039 pestiferi
479 2953 611 3018 tandem
635 2961 807 3038 penetrare
829 2955 957 3032 veneni,

182 3038 229 3103 Ut
250 3046 389 3103 mortem
412 3041 482 3124 regi
505 3040 627 3104 vellent
649 3040 767 3104 inferre
790 3039 888 3119 fideli,

181 3125 199 3189 Ι
224 3126 289 3189 sius
313 3133 347 3190 et
369 3126 501 3190 fratrem
526 3127 646 3212 populo
670 3146 872 3212 praeponere
894 3146 1023 3210 regem;

218 3233 256 3276 ec
279 3213 416 3276 timuere
440 3213 526 3276 diem
549 3213 690 3297 paschae
714 3219 861 3277 sanctum
884 3214 1057 3295 maculare,

183 3297 219 3362 ei
267 3306 355 3363 osset
377 3299 457 3379 fieri,
480 3300 550 3362 suso
575 3320 646 3362 cum
671 3301 828 3384 sanguine
850 3299 935 3362 iusti.

184 3320 263 3449 Sed
276 3406 340 3449 non
363 3387 524 3449 consensit
547 3388 628 3449 tanti
652 3387 824 3449 commissa
847 3385 942 3469 piacli
1156 3402 1214 3454 (sco)

184 3471 302 3555 Agnus
325 3473 496 3557 paschalis,
520 3473 574 3556 qui
597 3493 656 3556 pro
678 3472 771 3535 nobis
794 3470 991 3535 redimendis

185 3555 230 3622 de
254 3557 345 3622 dedit
369 3560 508 3623 electum
531 3560 614 3644 patri
638 3559 778 3622 moriens
801 3558 1038 3621 holocaustum:

162 3765 216 3820 295
234 3784 303 3820 mere
321 3767 353 3817 M
437 3766 489 3818 296
506 3769 555 3818 sal-
573 3776 691 3832 coeperat
709 3767 743 3817 M
743 3785 751 3825 ,·
769 3768 852 3818 salum
867 3784 888 3833 p
976 3764 1025 3817 301
1045 3765 1151 3833 implere
1168 3765 1213 3816 M¹

119 3839 286 3902 rr.m.1),p
355 3835 407 3888 309
426 3844 569 3888 monstrans
587 3840 614 3898 (a
632 3854 663 3888 ex
681 3854 696 3888 o
714 3837 794 3901 corr.)
811 3837 846 3887 M
920 3834 971 3887 ³13
988 3837 1099 3902 protexit
1118 3833 1214 3898 Galim

119 3908 154 3975 ef.
173 3925 197 3958 o.
212 3910 263 3959 633
353 3904 405 3957 315
424 3908 516 3972 pietate
535 3906 568 3956 M
655 3903 707 3957 325
725 3906 819 3972 pasche
837 3904 870 3955 M
885 3902 918 3967 (h
935 3906 963 3955 in
981 3920 1048 3963 ram
1064 3903 1214 3956 solmam
1318 3944 1319 3948 ,

119 3974 181 4041 cei)
269 3973 321 4027 326
340 3976 358 4025 ·ἰ
377 3985 462 4041 posset
479 3976 535 4026 fieri
554 3978 592 4025 su·
611 3975 639 4025 in
656 3992 710 4026 rae.
728 3981 785 4026 m.1
802 3973 836 4024 M

445 4056 574 4117 12Sarr
607 4045 709 4120 ψῃ

162 4144 264 4213 29519.
288 4143 324 4211 cf.
346 4072 448 4212 αὖ]
457 4152 478 4210 1,
489 4148 523 4196 18
532 4162 585 4210 sqq.
688 4143 741 4197 296
767 4146 801 4212 cs.
831 4143 996 4210 Theoph.87.
1102 4138 1214 4209 3020Ῑῖ

119 4236 147 4270 e.
160 4222 199 4281 11,
210 4219 241 4268 8.·
263 4217 348 4267 iustus
370 4216 402 4267 de
419 4216 542 4282 angustia
558 4215 685 4266 liberatus
706 4221 758 4279 est,
781 4222 808 4266 et
829 4215 944 4266 medetur
961 4213 1093 4281 improbus
1110 4229 1156 4280 pro
1174 4227 1214 4264 eo.

119 4285 181 4353 les.
203 4284 307 4338 001ss
315 4289 355 4335 10.
444 4282 495 4335 316
514 4285 548 4351 cf.
564 4293 625 4350 qest.
637 4287 688 4334 161.
780 4281 833 4335 320
849 4285 884 4351 cf.
903 4283 1067 4346 ΛΜΗ,
1081 4289 1143 4349 pers
1156 4283 1214 4334 204.

119 4356 190 4421 inq.
209 4355 244 4422 cs.
263 4352 347 4406 K.-D.
361 4369 391 4419 p.
401 4357 456 4405 116.
544 4351 594 4403 327
613 4349 648 4416 os.
664 4361 724 4419 pest.
739 4355 796 4404 234.
