<?xml version="1.0" encoding="UTF-8"?>
<!DOCTYPE html PUBLIC "-//W3C//DTD XHTML 1.0 Transitional//EN"
    "http://www.w3.org/TR/xhtml1/DTD/xhtml1-transitional.dtd">
<html xmlns="http://www.w3.org/1999/xhtml" xml:lang="en" lang="en">
 <head>
  <title>
</title>
<meta http-equiv="Content-Type" content="text/html;charset=utf-8" />
  <meta name='ocr-system' content='tesseract 3.04.00' />
  <meta name='ocr-capabilities' content='ocr_page ocr_carea ocr_par ocr_line ocrx_word'/>
</head>
<body>
  <div class='ocr_page' id='page_1' title='image "./hrotsvithaeoper02hrotgoog_0050.png"; bbox 0 0 2910 5024; ppageno 0'>
   <div class='ocr_carea' id='block_1_1' title="bbox 636 359 817 415">
    <p class='ocr_par' dir='ltr' id='par_1_1' title="bbox 636 359 817 415">
     <span class='ocr_line' id='line_1_1' title="bbox 636 359 817 415; baseline 0.006 -2"><span class='ocrx_word' id='word_1_1' title='bbox 636 359 692 415; x_wconf 88' lang='lat'><strong>11.</strong></span> <span class='ocrx_word' id='word_1_2' title='bbox 714 359 817 414; x_wconf 78' lang='lat' dir='ltr'><strong>Morio.</strong></span> 
     </span>
    </p>
   </div>
   <div class='ocr_carea' id='block_1_2' title="bbox 264 531 1406 3746">
    <p class='ocr_par' dir='ltr' id='par_1_2' title="bbox 264 531 1201 792">
     <span class='ocr_line' id='line_1_2' title="bbox 266 531 1046 621; baseline 0.009 -28"><span class='ocrx_word' id='word_1_3' title='bbox 266 531 340 594; x_wconf 85' lang='lat' dir='ltr'><strong>Hoc</strong></span> <span class='ocrx_word' id='word_1_4' title='bbox 360 552 479 596; x_wconf 90' lang='lat' dir='ltr'><strong>nomen</strong></span> <span class='ocrx_word' id='word_1_5' title='bbox 502 534 616 597; x_wconf 89' lang='lat' dir='ltr'><strong>merito</strong></span> <span class='ocrx_word' id='word_1_6' title='bbox 640 534 770 597; x_wconf 88' lang='lat' dir='ltr'><strong>sortitur</strong></span> <span class='ocrx_word' id='word_1_7' title='bbox 792 541 904 599; x_wconf 88' lang='lat' dir='ltr'><strong>sancta</strong></span> <span class='ocrx_word' id='word_1_8' title='bbox 926 537 1046 621; x_wconf 88' lang='lat' dir='ltr'><strong>puella,</strong></span> 
     </span>
     <span class='ocr_line' id='line_1_3' title="bbox 267 617 1201 707; baseline 0.006 -25"><span class='ocrx_word' id='word_1_9' title='bbox 267 617 327 682; x_wconf 78' lang='lat' dir='ltr'><strong>Est</strong></span> <span class='ocrx_word' id='word_1_10' title='bbox 350 620 425 704; x_wconf 90' lang='lat' dir='ltr'><strong>quia</strong></span> <span class='ocrx_word' id='word_1_11' title='bbox 447 621 649 704; x_wconf 88' lang='lat' dir='ltr'><strong>praeclarum</strong></span> <span class='ocrx_word' id='word_1_12' title='bbox 672 619 770 698; x_wconf 86' lang='lat' dir='ltr'><strong>sidus,</strong></span> <span class='ocrx_word' id='word_1_13' title='bbox 794 620 880 706; x_wconf 90' lang='lat' dir='ltr'><strong>quod</strong></span> <span class='ocrx_word' id='word_1_14' title='bbox 902 622 1008 707; x_wconf 81' lang='lat' dir='ltr'>fulget</span> <span class='ocrx_word' id='word_1_15' title='bbox 1029 625 1062 688; x_wconf 93' lang='lat' dir='ltr'><strong>in</strong></span> <span class='ocrx_word' id='word_1_16' title='bbox 1085 644 1201 688; x_wconf 87' lang='lat' dir='ltr'><strong>aevum</strong></span> 
     </span>
     <span class='ocr_line' id='line_1_4' title="bbox 264 704 985 792; baseline 0.006 -23"><span class='ocrx_word' id='word_1_17' title='bbox 264 704 367 792; x_wconf 87' lang='lat' dir='ltr'><strong>Regis</strong></span> <span class='ocrx_word' id='word_1_18' title='bbox 390 707 514 770; x_wconf 89' lang='lat' dir='ltr'><strong>aeterni</strong></span> <span class='ocrx_word' id='word_1_19' title='bbox 537 707 624 771; x_wconf 84' lang='lat' dir='ltr'><strong>claro</strong></span> <span class='ocrx_word' id='word_1_20' title='bbox 648 705 833 772; x_wconf 87' lang='lat' dir='ltr'><strong>diademate</strong></span> <span class='ocrx_word' id='word_1_21' title='bbox 857 706 985 774; x_wconf 79' lang='lat' dir='ltr'><strong>Christi.</strong></span> 
     </span>
    </p>

    <p class='ocr_par' dir='ltr' id='par_1_3' title="bbox 265 792 1197 1399">
     <span class='ocr_line' id='line_1_5' title="bbox 309 792 1133 880; baseline 0.005 -24"><span class='ocrx_word' id='word_1_22' title='bbox 309 792 391 856; x_wconf 89' lang='lat' dir='ltr'><strong>Post</strong></span> <span class='ocrx_word' id='word_1_23' title='bbox 412 793 495 858; x_wconf 87' lang='lat' dir='ltr'><strong>haec</strong></span> <span class='ocrx_word' id='word_1_24' title='bbox 518 814 675 858; x_wconf 87' lang='lat' dir='ltr'><strong>annorum</strong></span> <span class='ocrx_word' id='word_1_25' title='bbox 697 800 785 858; x_wconf 88' lang='lat' dir='ltr'><strong>meta</strong></span> <span class='ocrx_word' id='word_1_26' title='bbox 807 803 963 880; x_wconf 86' lang='lat' dir='ltr'><strong>vergente</strong></span> <span class='ocrx_word' id='word_1_27' title='bbox 988 795 1133 876; x_wconf 89' lang='lat' dir='ltr'><strong>duorum,</strong></span> 
     </span>
     <span class='ocr_line' id='line_1_6' title="bbox 265 879 1136 967; baseline 0.006 -25"><span class='ocrx_word' id='word_1_28' title='bbox 265 879 445 943; x_wconf 83' lang='lat' dir='ltr'><strong>Fortunata</strong></span> <span class='ocrx_word' id='word_1_29' title='bbox 467 900 558 944; x_wconf 88' lang='lat' dir='ltr'><strong>suam</strong></span> <span class='ocrx_word' id='word_1_30' title='bbox 582 880 659 944; x_wconf 92' lang='lat' dir='ltr'><strong>dum</strong></span> <span class='ocrx_word' id='word_1_31' title='bbox 681 881 818 967; x_wconf 79' lang='lat' dir='ltr'>sumpsit</span> <span class='ocrx_word' id='word_1_32' title='bbox 840 882 881 946; x_wconf 88' lang='lat' dir='ltr'><strong>ab</strong></span> <span class='ocrx_word' id='word_1_33' title='bbox 903 883 1004 946; x_wconf 89' lang='lat' dir='ltr'><strong>ubere</strong></span> <span class='ocrx_word' id='word_1_34' title='bbox 1028 888 1136 947; x_wconf 88' lang='lat' dir='ltr'><strong>natam</strong></span> 
     </span>
     <span class='ocr_line' id='line_1_7' title="bbox 265 965 1092 1053; baseline 0.005 -24"><span class='ocrx_word' id='word_1_35' title='bbox 265 965 472 1030; x_wconf 82' lang='lat' dir='ltr'><strong>Ablactando</strong></span> <span class='ocrx_word' id='word_1_36' title='bbox 494 968 583 1052; x_wconf 91' lang='lat' dir='ltr'><strong>piam</strong></span> <span class='ocrx_word' id='word_1_37' title='bbox 605 968 746 1053; x_wconf 81' lang='lat' dir='ltr'><strong>genitrix</strong></span> <span class='ocrx_word' id='word_1_38' title='bbox 769 966 809 1031; x_wconf 90' lang='lat' dir='ltr'><strong>de</strong></span> <span class='ocrx_word' id='word_1_39' title='bbox 831 988 922 1032; x_wconf 89' lang='lat' dir='ltr'><strong>more</strong></span> <span class='ocrx_word' id='word_1_40' title='bbox 946 969 1092 1052; x_wconf 82' lang='lat' dir='ltr'><strong>Mariam,</strong></span> 
     </span>
     <span class='ocr_line' id='line_1_8' title="bbox 267 1051 1047 1141; baseline 0.003 -24"><span class='ocrx_word' id='word_1_41' title='bbox 267 1051 366 1117; x_wconf 89' lang='lat' dir='ltr'><strong>Ocius</strong></span> <span class='ocrx_word' id='word_1_42' title='bbox 388 1054 567 1138; x_wconf 90' lang='lat' dir='ltr'><strong>intemplo</strong></span> <span class='ocrx_word' id='word_1_43' title='bbox 591 1054 674 1118; x_wconf 91' lang='lat' dir='ltr'><strong>sistit</strong></span> <span class='ocrx_word' id='word_1_44' title='bbox 697 1075 769 1119; x_wconf 88' lang='lat' dir='ltr'><strong>oum</strong></span> <span class='ocrx_word' id='word_1_45' title='bbox 792 1075 925 1119; x_wconf 89' lang='lat' dir='ltr'><strong>munere</strong></span> <span class='ocrx_word' id='word_1_46' title='bbox 950 1055 1047 1141; x_wconf 88' lang='lat' dir='ltr'><strong>digno</strong></span> 
     </span>
     <span class='ocr_line' id='line_1_9' title="bbox 265 1139 1197 1227; baseline 0.004 -25"><span class='ocrx_word' id='word_1_47' title='bbox 265 1139 387 1225; x_wconf 81' lang='lat' dir='ltr'><strong>Ipsam,</strong></span> <span class='ocrx_word' id='word_1_48' title='bbox 411 1161 495 1226; x_wconf 92' lang='lat' dir='ltr'><strong>quae</strong></span> <span class='ocrx_word' id='word_1_49' title='bbox 518 1142 676 1227; x_wconf 89' lang='lat' dir='ltr'><strong>templum</strong></span> <span class='ocrx_word' id='word_1_50' title='bbox 699 1140 820 1205; x_wconf 91' lang='lat' dir='ltr'><strong>domini</strong></span> <span class='ocrx_word' id='word_1_51' title='bbox 841 1142 902 1205; x_wconf 88' lang='lat' dir='ltr'><strong>fuit</strong></span> <span class='ocrx_word' id='word_1_52' title='bbox 924 1142 1021 1206; x_wconf 92' lang='lat' dir='ltr'><strong>immo</strong></span> <span class='ocrx_word' id='word_1_53' title='bbox 1045 1144 1197 1224; x_wconf 79' lang='lat' dir='ltr'><strong>futurum,</strong></span> 
     </span>
     <span class='ocr_line' id='line_1_10' title="bbox 268 1225 1081 1315; baseline 0.002 -25"><span class='ocrx_word' id='word_1_54' title='bbox 268 1225 340 1300; x_wconf 82' lang='lat' dir='ltr'><strong>Quo</strong></span> <span class='ocrx_word' id='word_1_55' title='bbox 365 1228 488 1291; x_wconf 88' lang='lat' dir='ltr'><strong>sociata</strong></span> <span class='ocrx_word' id='word_1_56' title='bbox 510 1228 609 1292; x_wconf 89' lang='lat' dir='ltr'><strong>sacris</strong></span> <span class='ocrx_word' id='word_1_57' title='bbox 631 1228 820 1313; x_wconf 80' lang='lat' dir='ltr'>virguncula</span> <span class='ocrx_word' id='word_1_58' title='bbox 841 1248 942 1312; x_wconf 86' lang='lat' dir='ltr'><strong>parva</strong></span> <span class='ocrx_word' id='word_1_59' title='bbox 965 1230 1081 1315; x_wconf 86' lang='lat' dir='ltr'>puellis</span> 
     </span>
     <span class='ocr_line' id='line_1_11' title="bbox 268 1311 973 1399; baseline 0.003 -22"><span class='ocrx_word' id='word_1_60' title='bbox 268 1311 408 1399; x_wconf 82' lang='lat' dir='ltr'><strong>Semper</strong></span> <span class='ocrx_word' id='word_1_61' title='bbox 431 1312 544 1378; x_wconf 82' lang='lat' dir='ltr'><strong>divinis</strong></span> <span class='ocrx_word' id='word_1_62' title='bbox 567 1314 633 1378; x_wconf 90' lang='lat' dir='ltr'><strong>illic</strong></span> <span class='ocrx_word' id='word_1_63' title='bbox 655 1321 816 1399; x_wconf 81' lang='lat' dir='ltr'><strong>perstaret</strong></span> <span class='ocrx_word' id='word_1_64' title='bbox 837 1315 871 1378; x_wconf 93' lang='lat' dir='ltr'><strong>in</strong></span> <span class='ocrx_word' id='word_1_65' title='bbox 893 1315 973 1396; x_wconf 86' lang='lat' dir='ltr'><strong>odis,</strong></span> 
     </span>
    </p>

    <p class='ocr_par' dir='ltr' id='par_1_4' title="bbox 268 1399 1178 1662">
     <span class='ocr_line' id='line_1_12' title="bbox 269 1399 1166 1488; baseline 0.002 -25"><span class='ocrx_word' id='word_1_66' title='bbox 269 1399 374 1474; x_wconf 85' lang='lat' dir='ltr'><strong>Quem</strong></span> <span class='ocrx_word' id='word_1_67' title='bbox 398 1401 512 1465; x_wconf 90' lang='lat' dir='ltr'><strong>merito</strong></span> <span class='ocrx_word' id='word_1_68' title='bbox 537 1401 624 1465; x_wconf 79' lang='lat' dir='ltr'><strong>cives</strong></span> <span class='ocrx_word' id='word_1_69' title='bbox 647 1402 806 1466; x_wconf 91' lang='lat' dir='ltr'><strong>caelestes</strong></span> <span class='ocrx_word' id='word_1_70' title='bbox 829 1400 925 1466; x_wconf 88' lang='lat' dir='ltr'><strong>laude</strong></span> <span class='ocrx_word' id='word_1_71' title='bbox 949 1402 1166 1488; x_wconf 80' lang='lat' dir='ltr'><strong>frequentent.</strong></span> 
     </span>
     <span class='ocr_line' id='line_1_13' title="bbox 310 1486 1137 1573; baseline 0.004 -23"><span class='ocrx_word' id='word_1_72' title='bbox 310 1486 392 1550; x_wconf 83' lang='lat' dir='ltr'><strong>Post</strong></span> <span class='ocrx_word' id='word_1_73' title='bbox 413 1487 504 1565; x_wconf 84' lang='lat' dir='ltr'><strong>haec,</strong></span> <span class='ocrx_word' id='word_1_74' title='bbox 527 1489 561 1552; x_wconf 92' lang='lat' dir='ltr'><strong>in</strong></span> <span class='ocrx_word' id='word_1_75' title='bbox 583 1488 697 1573; x_wconf 92' lang='lat' dir='ltr'><strong>templi</strong></span> <span class='ocrx_word' id='word_1_76' title='bbox 720 1489 897 1553; x_wconf 74' lang='lat' dir='ltr'><strong>subsistens</strong></span> <span class='ocrx_word' id='word_1_77' title='bbox 918 1489 1020 1553; x_wconf 89' lang='lat' dir='ltr'><strong>limite</strong></span> <span class='ocrx_word' id='word_1_78' title='bbox 1044 1489 1137 1572; x_wconf 82' lang='lat' dir='ltr'><strong>sacri,</strong></span> 
     </span>
     <span class='ocr_line' id='line_1_14' title="bbox 268 1573 1178 1662; baseline 0 -24"><span class='ocrx_word' id='word_1_79' title='bbox 268 1573 449 1638; x_wconf 81' lang='lat' dir='ltr'><strong>Ascensum</strong></span> <span class='ocrx_word' id='word_1_80' title='bbox 472 1574 631 1659; x_wconf 86' lang='lat' dir='ltr'><strong>graduum</strong></span> <span class='ocrx_word' id='word_1_81' title='bbox 654 1574 760 1639; x_wconf 88' lang='lat' dir='ltr'><strong>subito</strong></span> <span class='ocrx_word' id='word_1_82' title='bbox 784 1581 834 1639; x_wconf 89' lang='lat' dir='ltr'><strong>ter</strong></span> <span class='ocrx_word' id='word_1_83' title='bbox 857 1576 996 1662; x_wconf 91' lang='lat' dir='ltr'><strong>quinque</strong></span> <span class='ocrx_word' id='word_1_84' title='bbox 1020 1577 1178 1662; x_wconf 77' lang='lat' dir='ltr'><strong>supinum,</strong></span> 
     </span>
    </p>

    <p class='ocr_par' dir='ltr' id='par_1_5' title="bbox 268 1658 1116 1920">
     <span class='ocr_line' id='line_1_15' title="bbox 268 1658 1062 1748; baseline 0.004 -25"><span class='ocrx_word' id='word_1_85' title='bbox 268 1658 445 1725; x_wconf 89' lang='lat' dir='ltr'><strong>Immemor</strong></span> <span class='ocrx_word' id='word_1_86' title='bbox 466 1663 594 1743; x_wconf 89' lang='lat' dir='ltr'><strong>aetatis,</strong></span> <span class='ocrx_word' id='word_1_87' title='bbox 616 1663 682 1726; x_wconf 88' lang='lat' dir='ltr'><strong>iam</strong></span> <span class='ocrx_word' id='word_1_88' title='bbox 704 1662 801 1748; x_wconf 92' lang='lat' dir='ltr'><strong>plena</strong></span> <span class='ocrx_word' id='word_1_89' title='bbox 824 1661 897 1746; x_wconf 87' lang='lat' dir='ltr'><strong>deo,</strong></span> <span class='ocrx_word' id='word_1_90' title='bbox 920 1664 1062 1747; x_wconf 82' lang='lat' dir='ltr'><strong>puerilis,</strong></span> 
     </span>
     <span class='ocr_line' id='line_1_16' title="bbox 268 1746 1062 1831; baseline 0.003 -21"><span class='ocrx_word' id='word_1_91' title='bbox 268 1746 437 1812; x_wconf 84' lang='lat' dir='ltr'><strong>Audacter</strong></span> <span class='ocrx_word' id='word_1_92' title='bbox 458 1749 565 1831; x_wconf 86' lang='lat' dir='ltr'><strong>currit,</strong></span> <span class='ocrx_word' id='word_1_93' title='bbox 587 1749 710 1813; x_wconf 86' lang='lat' dir='ltr'><strong>vultum</strong></span> <span class='ocrx_word' id='word_1_94' title='bbox 733 1769 793 1813; x_wconf 91' lang='lat' dir='ltr'><strong>nec</strong></span> <span class='ocrx_word' id='word_1_95' title='bbox 816 1755 901 1813; x_wconf 90' lang='lat' dir='ltr'><strong>retro</strong></span> <span class='ocrx_word' id='word_1_96' title='bbox 925 1750 1062 1827; x_wconf 85' lang='lat' dir='ltr'><strong>reflexit,</strong></span> 
     </span>
     <span class='ocr_line' id='line_1_17' title="bbox 271 1831 1116 1920; baseline 0 -23"><span class='ocrx_word' id='word_1_97' title='bbox 271 1831 415 1906; x_wconf 89' lang='lat' dir='ltr'><strong>Quaerat</strong></span> <span class='ocrx_word' id='word_1_98' title='bbox 437 1841 474 1898; x_wconf 89' lang='lat' dir='ltr'><strong>ut</strong></span> <span class='ocrx_word' id='word_1_99' title='bbox 496 1841 639 1899; x_wconf 86' lang='lat' dir='ltr'><strong>astantes</strong></span> <span class='ocrx_word' id='word_1_100' title='bbox 660 1835 819 1899; x_wconf 84' lang='lat' dir='ltr'><strong>infantum</strong></span> <span class='ocrx_word' id='word_1_101' title='bbox 841 1856 930 1900; x_wconf 89' lang='lat' dir='ltr'><strong>more</strong></span> <span class='ocrx_word' id='word_1_102' title='bbox 954 1841 1116 1920; x_wconf 90' lang='lat' dir='ltr'><strong>parentes.</strong></span> 
     </span>
    </p>

    <p class='ocr_par' dir='ltr' id='par_1_6' title="bbox 267 1919 1156 2442">
     <span class='ocr_line' id='line_1_18' title="bbox 312 1919 1128 2008; baseline -0.001 -23"><span class='ocrx_word' id='word_1_103' title='bbox 312 1919 375 1985; x_wconf 89' lang='lat' dir='ltr'><strong>His</strong></span> <span class='ocrx_word' id='word_1_104' title='bbox 398 1943 496 2008; x_wconf 90' lang='lat' dir='ltr'><strong>super</strong></span> <span class='ocrx_word' id='word_1_105' title='bbox 519 1923 656 2004; x_wconf 86' lang='lat' dir='ltr'><strong>accensi,</strong></span> <span class='ocrx_word' id='word_1_106' title='bbox 679 1923 836 1986; x_wconf 89' lang='lat' dir='ltr'><strong>mirantur</strong></span> <span class='ocrx_word' id='word_1_107' title='bbox 858 1921 998 2008; x_wconf 88' lang='lat' dir='ltr'><strong>denique</strong></span> <span class='ocrx_word' id='word_1_108' title='bbox 1022 1920 1128 1987; x_wconf 90' lang='lat' dir='ltr'><strong>cuncti</strong></span> 
     </span>
     <span class='ocr_line' id='line_1_19' title="bbox 270 2007 1090 2095; baseline 0.004 -25"><span class='ocrx_word' id='word_1_109' title='bbox 270 2007 426 2072; x_wconf 88' lang='lat' dir='ltr'><strong>Astantes</strong></span> <span class='ocrx_word' id='word_1_110' title='bbox 448 2009 570 2095; x_wconf 86' lang='lat' dir='ltr'><strong>populi,</strong></span> <span class='ocrx_word' id='word_1_111' title='bbox 593 2009 707 2094; x_wconf 90' lang='lat' dir='ltr'><strong>templi</strong></span> <span class='ocrx_word' id='word_1_112' title='bbox 730 2009 915 2094; x_wconf 80' lang='lat' dir='ltr'><strong>pariterque</strong></span> <span class='ocrx_word' id='word_1_113' title='bbox 939 2009 1090 2083; x_wconf 89' lang='lat' dir='ltr'><strong>ministri;</strong></span> 
     </span>
     <span class='ocr_line' id='line_1_20' title="bbox 267 2092 1104 2182; baseline 0.002 -24"><span class='ocrx_word' id='word_1_114' title='bbox 267 2092 443 2159; x_wconf 88' lang='lat' dir='ltr'><strong>Pontifices</strong></span> <span class='ocrx_word' id='word_1_115' title='bbox 464 2096 526 2180; x_wconf 94' lang='lat' dir='ltr'><strong>ipsi</strong></span> <span class='ocrx_word' id='word_1_116' title='bbox 549 2096 669 2161; x_wconf 86' lang='lat' dir='ltr'><strong>fectum</strong></span> <span class='ocrx_word' id='word_1_117' title='bbox 691 2095 826 2160; x_wconf 88' lang='lat' dir='ltr'><strong>laudant</strong></span> <span class='ocrx_word' id='word_1_118' title='bbox 848 2116 976 2182; x_wconf 94' lang='lat' dir='ltr'><strong>quoque</strong></span> <span class='ocrx_word' id='word_1_119' title='bbox 999 2096 1104 2182; x_wconf 88' lang='lat' dir='ltr'><strong>primi,</strong></span> 
     </span>
     <span class='ocr_line' id='line_1_21' title="bbox 269 2179 1042 2267; baseline 0.001 -22"><span class='ocrx_word' id='word_1_120' title='bbox 269 2179 434 2261; x_wconf 58' lang='lat' dir='ltr'><strong>Dicentem</strong></span> <span class='ocrx_word' id='word_1_121' title='bbox 457 2188 546 2247; x_wconf 84' lang='lat' dir='ltr'><strong>tanto</strong></span> <span class='ocrx_word' id='word_1_122' title='bbox 571 2181 657 2267; x_wconf 87' lang='lat' dir='ltr'><strong>quod</strong></span> <span class='ocrx_word' id='word_1_123' title='bbox 681 2188 755 2248; x_wconf 92' lang='lat' dir='ltr'><strong>tunc</strong></span> <span class='ocrx_word' id='word_1_124' title='bbox 777 2183 935 2247; x_wconf 88' lang='lat' dir='ltr'><strong>infantula</strong></span> <span class='ocrx_word' id='word_1_125' title='bbox 957 2183 1042 2247; x_wconf 86' lang='lat' dir='ltr'><strong>facto</strong></span> 
     </span>
     <span class='ocr_line' id='line_1_22' title="bbox 268 2267 1058 2354; baseline 0.001 -22"><span class='ocrx_word' id='word_1_126' title='bbox 268 2267 334 2332; x_wconf 89' lang='lat' dir='ltr'><strong>Per</strong></span> <span class='ocrx_word' id='word_1_127' title='bbox 356 2288 391 2332; x_wconf 89' lang='lat' dir='ltr'><strong>se</strong></span> <span class='ocrx_word' id='word_1_128' title='bbox 414 2268 491 2354; x_wconf 87' lang='lat' dir='ltr'><strong>quid</strong></span> <span class='ocrx_word' id='word_1_129' title='bbox 513 2269 583 2334; x_wconf 89' lang='lat' dir='ltr'><strong>fieri</strong></span> <span class='ocrx_word' id='word_1_130' title='bbox 605 2270 829 2354; x_wconf 82' lang='lat' dir='ltr'><strong>praesignaret</strong></span> <span class='ocrx_word' id='word_1_131' title='bbox 852 2270 914 2334; x_wconf 86' lang='lat' dir='ltr'><strong>cito</strong></span> <span class='ocrx_word' id='word_1_132' title='bbox 937 2270 1058 2354; x_wconf 81' lang='lat' dir='ltr'><strong>magni,</strong></span> 
     </span>
     <span class='ocr_line' id='line_1_23' title="bbox 268 2353 1156 2442; baseline 0.003 -25"><span class='ocrx_word' id='word_1_133' title='bbox 268 2353 312 2418; x_wconf 79' lang='lat' dir='ltr'><strong>ut</strong></span> <span class='ocrx_word' id='word_1_134' title='bbox 333 2375 411 2419; x_wconf 81' lang='lat' dir='ltr'><strong>rere</strong></span> <span class='ocrx_word' id='word_1_135' title='bbox 433 2376 487 2420; x_wconf 92' lang='lat' dir='ltr'><strong>ma</strong></span> <span class='ocrx_word' id='word_1_136' title='bbox 534 2357 553 2438; x_wconf 89' lang='lat'><strong>&#39;‚</strong></span> <span class='ocrx_word' id='word_1_137' title='bbox 576 2358 697 2421; x_wconf 89' lang='lat' dir='ltr'><strong>cunctis</strong></span> <span class='ocrx_word' id='word_1_138' title='bbox 719 2357 900 2442; x_wconf 91' lang='lat' dir='ltr'><strong>meritoque</strong></span> <span class='ocrx_word' id='word_1_139' title='bbox 924 2356 1084 2440; x_wconf 84' lang='lat' dir='ltr'><strong>stupendi.</strong></span> <span class='ocrx_word' id='word_1_140' title='bbox 1152 2416 1156 2420; x_wconf 64' lang='lat'><em>„</em></span> 
     </span>
    </p>

    <p class='ocr_par' dir='ltr' id='par_1_7' title="bbox 269 2377 1406 3225">
     <span class='ocr_line' id='line_1_24' title="bbox 314 2377 1187 2529; baseline -0.003 -23"><span class='ocrx_word' id='word_1_141' title='bbox 314 2440 409 2515; x_wconf 86' lang='lat' dir='ltr'><strong>Quod</strong></span> <span class='ocrx_word' id='word_1_142' title='bbox 431 2377 644 2507; x_wconf 57' lang='lat' dir='ltr'><strong>oreffiumaius</strong></span> <span class='ocrx_word' id='word_1_143' title='bbox 666 2444 719 2507; x_wconf 84' lang='lat' dir='ltr'><strong>vel</strong></span> <span class='ocrx_word' id='word_1_144' title='bbox 741 2443 828 2528; x_wconf 85' lang='lat' dir='ltr'><strong>quod</strong></span> <span class='ocrx_word' id='word_1_145' title='bbox 850 2449 963 2529; x_wconf 89' lang='lat' dir='ltr'><strong>posset</strong></span> <span class='ocrx_word' id='word_1_146' title='bbox 982 2443 1051 2507; x_wconf 85' lang='lat' dir='ltr'><strong>fore</strong></span> <span class='ocrx_word' id='word_1_147' title='bbox 1073 2441 1187 2521; x_wconf 89' lang='lat' dir='ltr'><strong>maius,</strong></span> 
     </span>
     <span class='ocr_line' id='line_1_25' title="bbox 271 2526 1406 2616; baseline 0.001 -23"><span class='ocrx_word' id='word_1_148' title='bbox 271 2527 376 2602; x_wconf 88' lang='lat' dir='ltr'><strong>Quem</strong></span> <span class='ocrx_word' id='word_1_149' title='bbox 400 2529 487 2615; x_wconf 86' lang='lat' dir='ltr'><strong>quod</strong></span> <span class='ocrx_word' id='word_1_150' title='bbox 508 2531 652 2614; x_wconf 84' lang='lat' dir='ltr'><strong>virgineo</strong></span> <span class='ocrx_word' id='word_1_151' title='bbox 675 2531 816 2616; x_wconf 84' lang='lat' dir='ltr'><strong>portarit</strong></span> <span class='ocrx_word' id='word_1_152' title='bbox 837 2537 950 2594; x_wconf 84' lang='lat' dir='ltr'><strong>ventre</strong></span> <span class='ocrx_word' id='word_1_153' title='bbox 973 2529 1083 2614; x_wconf 90' lang='lat' dir='ltr'><strong>puella</strong></span> <span class='ocrx_word' id='word_1_154' title='bbox 1295 2526 1343 2593; x_wconf 72' lang='lat' dir='ltr'><strong>fot.</strong></span> <span class='ocrx_word' id='word_1_155' title='bbox 1355 2529 1406 2577; x_wconf 72' lang='lat'><strong>1⁰³</strong></span> 
     </span>
     <span class='ocr_line' id='line_1_26' title="bbox 269 2615 1202 2703; baseline -0.006 -23"><span class='ocrx_word' id='word_1_156' title='bbox 269 2615 426 2701; x_wconf 82' lang='lat' dir='ltr'><strong>Magnum</strong></span> <span class='ocrx_word' id='word_1_157' title='bbox 448 2616 606 2680; x_wconf 82' lang='lat' dir='ltr'><strong>factorem</strong></span> <span class='ocrx_word' id='word_1_158' title='bbox 627 2615 738 2680; x_wconf 91' lang='lat' dir='ltr'><strong>mundi</strong></span> <span class='ocrx_word' id='word_1_159' title='bbox 761 2618 991 2703; x_wconf 90' lang='lat' dir='ltr'><strong>propriumque</strong></span> <span class='ocrx_word' id='word_1_160' title='bbox 1013 2617 1202 2702; x_wconf 82' lang='lat' dir='ltr'><strong>parentem?</strong></span> 
     </span>
     <span class='ocr_line' id='line_1_27' title="bbox 269 2701 1121 2790; baseline -0.002 -23"><span class='ocrx_word' id='word_1_161' title='bbox 269 2701 340 2767; x_wconf 86' lang='lat' dir='ltr'><strong>Nec</strong></span> <span class='ocrx_word' id='word_1_162' title='bbox 361 2703 487 2781; x_wconf 80' lang='lat' dir='ltr'><strong>mirum,</strong></span> <span class='ocrx_word' id='word_1_163' title='bbox 510 2724 636 2767; x_wconf 90' lang='lat' dir='ltr'><strong>sursum</strong></span> <span class='ocrx_word' id='word_1_164' title='bbox 659 2704 768 2790; x_wconf 90' lang='lat' dir='ltr'><strong>coepit</strong></span> <span class='ocrx_word' id='word_1_165' title='bbox 790 2705 817 2767; x_wconf 92' lang='lat' dir='ltr'><strong>si</strong></span> <span class='ocrx_word' id='word_1_166' title='bbox 838 2704 940 2789; x_wconf 92' lang='lat' dir='ltr'><strong>figere</strong></span> <span class='ocrx_word' id='word_1_167' title='bbox 964 2723 1121 2788; x_wconf 87' lang='lat' dir='ltr'><strong>gressum,</strong></span> 
     </span>
     <span class='ocr_line' id='line_1_28' title="bbox 270 2789 1120 2875; baseline 0.001 -22"><span class='ocrx_word' id='word_1_168' title='bbox 270 2790 383 2854; x_wconf 86' lang='lat' dir='ltr'><strong>Infans</strong></span> <span class='ocrx_word' id='word_1_169' title='bbox 404 2791 551 2855; x_wconf 82' lang='lat' dir='ltr'><strong>lacteolis</strong></span> <span class='ocrx_word' id='word_1_170' title='bbox 574 2790 680 2855; x_wconf 81' lang='lat' dir='ltr'><strong>fueret</strong></span> <span class='ocrx_word' id='word_1_171' title='bbox 702 2790 778 2854; x_wconf 86' lang='lat' dir='ltr'><strong>dum</strong></span> <span class='ocrx_word' id='word_1_172' title='bbox 800 2791 936 2875; x_wconf 87' lang='lat' dir='ltr'><strong>parvule</strong></span> <span class='ocrx_word' id='word_1_173' title='bbox 957 2789 1120 2871; x_wconf 87' lang='lat' dir='ltr'><strong>membris,</strong></span> 
     </span>
     <span class='ocr_line' id='line_1_29' title="bbox 271 2876 1108 2962; baseline -0.001 -21"><span class='ocrx_word' id='word_1_174' title='bbox 271 2876 387 2960; x_wconf 87' lang='lat' dir='ltr'><strong>Quam,</strong></span> <span class='ocrx_word' id='word_1_175' title='bbox 410 2883 505 2962; x_wconf 88' lang='lat' dir='ltr'><strong>pater</strong></span> <span class='ocrx_word' id='word_1_176' title='bbox 526 2878 622 2960; x_wconf 87' lang='lat' dir='ltr'><strong>alme,</strong></span> <span class='ocrx_word' id='word_1_177' title='bbox 646 2883 701 2942; x_wconf 90' lang='lat' dir='ltr'><strong>tuo</strong></span> <span class='ocrx_word' id='word_1_178' title='bbox 725 2877 833 2941; x_wconf 87' lang='lat' dir='ltr'><strong>ditasti</strong></span> <span class='ocrx_word' id='word_1_179' title='bbox 854 2877 982 2941; x_wconf 89' lang='lat' dir='ltr'><strong>flamine</strong></span> <span class='ocrx_word' id='word_1_180' title='bbox 1006 2897 1108 2957; x_wconf 87' lang='lat' dir='ltr'><strong>sacro,</strong></span> 
     </span>
     <span class='ocr_line' id='line_1_30' title="bbox 270 2962 1126 3050; baseline -0.001 -23"><span class='ocrx_word' id='word_1_181' title='bbox 270 2962 357 3028; x_wconf 90' lang='lat' dir='ltr'><strong>Dum</strong></span> <span class='ocrx_word' id='word_1_182' title='bbox 380 2964 487 3029; x_wconf 81' lang='lat' dir='ltr'><strong>fueret</strong></span> <span class='ocrx_word' id='word_1_183' title='bbox 509 2969 641 3029; x_wconf 88' lang='lat' dir='ltr'><strong>sanctae</strong></span> <span class='ocrx_word' id='word_1_184' title='bbox 664 2964 829 3050; x_wconf 82' lang='lat' dir='ltr'><strong>genitricis</strong></span> <span class='ocrx_word' id='word_1_185' title='bbox 852 2963 981 3028; x_wconf 86' lang='lat' dir='ltr'><strong>condite</strong></span> <span class='ocrx_word' id='word_1_186' title='bbox 997 2967 1126 3042; x_wconf 54' lang='lat' dir='ltr'><strong>uentre,</strong></span> 
     </span>
     <span class='ocr_line' id='line_1_31' title="bbox 270 3049 1139 3134; baseline -0.002 -20"><span class='ocrx_word' id='word_1_187' title='bbox 270 3050 441 3116; x_wconf 89' lang='lat' dir='ltr'><strong>Praescius</strong></span> <span class='ocrx_word' id='word_1_188' title='bbox 463 3052 547 3116; x_wconf 90' lang='lat' dir='ltr'><strong>hano</strong></span> <span class='ocrx_word' id='word_1_189' title='bbox 568 3052 671 3116; x_wconf 83' lang='lat' dir='ltr'><strong>solam</strong></span> <span class='ocrx_word' id='word_1_190' title='bbox 695 3056 783 3116; x_wconf 89' lang='lat' dir='ltr'><strong>certe</strong></span> <span class='ocrx_word' id='word_1_191' title='bbox 807 3051 982 3115; x_wconf 87' lang='lat' dir='ltr'><strong>consistere</strong></span> <span class='ocrx_word' id='word_1_192' title='bbox 1008 3049 1139 3134; x_wconf 89' lang='lat' dir='ltr'><strong>dignam</strong></span> 
     </span>
     <span class='ocr_line' id='line_1_32' title="bbox 270 3136 1039 3225; baseline -0.003 -24"><span class='ocrx_word' id='word_1_193' title='bbox 270 3136 324 3201; x_wconf 76' lang='lat' dir='ltr'><strong>Au</strong></span> <span class='ocrx_word' id='word_1_194' title='bbox 346 3139 466 3225; x_wconf 92' lang='lat' dir='ltr'><strong>proprii</strong></span> <span class='ocrx_word' id='word_1_195' title='bbox 485 3144 613 3224; x_wconf 90' lang='lat' dir='ltr'><strong>partum</strong></span> <span class='ocrx_word' id='word_1_196' title='bbox 634 3140 702 3203; x_wconf 90' lang='lat' dir='ltr'><strong>nati</strong></span> <span class='ocrx_word' id='word_1_197' title='bbox 724 3159 784 3225; x_wconf 92' lang='lat' dir='ltr'><strong>per</strong></span> <span class='ocrx_word' id='word_1_198' title='bbox 805 3137 936 3202; x_wconf 88' lang='lat' dir='ltr'><strong>saecula</strong></span> <span class='ocrx_word' id='word_1_199' title='bbox 957 3137 1039 3201; x_wconf 90' lang='lat' dir='ltr'><strong>noti:</strong></span> 
     </span>
    </p>

    <p class='ocr_par' dir='ltr' id='par_1_8' title="bbox 270 3223 1194 3566">
     <span class='ocr_line' id='line_1_33' title="bbox 271 3223 1111 3312; baseline -0.001 -24"><span class='ocrx_word' id='word_1_200' title='bbox 271 3223 334 3298; x_wconf 89' lang='lat' dir='ltr'><strong>Qui</strong></span> <span class='ocrx_word' id='word_1_201' title='bbox 356 3231 440 3310; x_wconf 88' lang='lat' dir='ltr'><strong>post,</strong></span> <span class='ocrx_word' id='word_1_202' title='bbox 464 3246 640 3312; x_wconf 88' lang='lat' dir='ltr'><strong>corporeae</strong></span> <span class='ocrx_word' id='word_1_203' title='bbox 663 3230 768 3290; x_wconf 88' lang='lat' dir='ltr'><strong>tectus</strong></span> <span class='ocrx_word' id='word_1_204' title='bbox 791 3225 952 3289; x_wconf 83' lang='lat' dir='ltr'><strong>velamine</strong></span> <span class='ocrx_word' id='word_1_205' title='bbox 976 3223 1111 3306; x_wconf 81' lang='lat' dir='ltr'><strong>formae,</strong></span> 
     </span>
     <span class='ocr_line' id='line_1_34' title="bbox 270 3310 1157 3398; baseline -0.002 -23"><span class='ocrx_word' id='word_1_206' title='bbox 270 3310 450 3377; x_wconf 84' lang='lat' dir='ltr'><strong>Ascensum</strong></span> <span class='ocrx_word' id='word_1_207' title='bbox 472 3313 631 3398; x_wconf 82' lang='lat' dir='ltr'><strong>gradrmm</strong></span> <span class='ocrx_word' id='word_1_208' title='bbox 654 3313 775 3377; x_wconf 89' lang='lat' dir='ltr'><strong>cunctis</strong></span> <span class='ocrx_word' id='word_1_209' title='bbox 797 3311 954 3396; x_wconf 83' lang='lat' dir='ltr'><strong>patefecit</strong></span> <span class='ocrx_word' id='word_1_210' title='bbox 976 3311 1009 3374; x_wconf 91' lang='lat' dir='ltr'><strong>in</strong></span> <span class='ocrx_word' id='word_1_211' title='bbox 1031 3330 1157 3389; x_wconf 86' lang='lat' dir='ltr'><strong>aevum,</strong></span> 
     </span>
     <span class='ocr_line' id='line_1_35' title="bbox 272 3397 1180 3485; baseline -0.002 -24"><span class='ocrx_word' id='word_1_212' title='bbox 272 3397 339 3463; x_wconf 90' lang='lat' dir='ltr'><strong>Per</strong></span> <span class='ocrx_word' id='word_1_213' title='bbox 362 3419 442 3484; x_wconf 93' lang='lat' dir='ltr'><strong>quos</strong></span> <span class='ocrx_word' id='word_1_214' title='bbox 465 3399 507 3464; x_wconf 88' lang='lat' dir='ltr'><strong>ad</strong></span> <span class='ocrx_word' id='word_1_215' title='bbox 529 3400 667 3485; x_wconf 88' lang='lat' dir='ltr'><strong>petriam</strong></span> <span class='ocrx_word' id='word_1_216' title='bbox 692 3398 829 3464; x_wconf 90' lang='lat' dir='ltr'><strong>tendunt</strong></span> <span class='ocrx_word' id='word_1_217' title='bbox 850 3418 997 3463; x_wconf 89' lang='lat' dir='ltr'><strong>remeare</strong></span> <span class='ocrx_word' id='word_1_218' title='bbox 1020 3397 1180 3470; x_wconf 88' lang='lat' dir='ltr'><strong>relictam;</strong></span> 
     </span>
     <span class='ocr_line' id='line_1_36' title="bbox 271 3481 1194 3566; baseline 0 -18"><span class='ocrx_word' id='word_1_219' title='bbox 271 3483 332 3549; x_wconf 74' lang='lat' dir='ltr'><strong>(lui</strong></span> <span class='ocrx_word' id='word_1_220' title='bbox 355 3484 501 3551; x_wconf 76' lang='lat' dir='ltr'><strong>Christus</strong></span> <span class='ocrx_word' id='word_1_221' title='bbox 524 3507 653 3566; x_wconf 88' lang='lat' dir='ltr'><strong>nomen,</strong></span> <span class='ocrx_word' id='word_1_222' title='bbox 677 3487 728 3551; x_wconf 90' lang='lat' dir='ltr'><strong>oui</strong></span> <span class='ocrx_word' id='word_1_223' title='bbox 749 3487 820 3550; x_wconf 90' lang='lat' dir='ltr'><strong>laus</strong></span> <span class='ocrx_word' id='word_1_224' title='bbox 843 3486 885 3549; x_wconf 89' lang='lat' dir='ltr'><strong>sit</strong></span> <span class='ocrx_word' id='word_1_225' title='bbox 908 3485 1052 3550; x_wconf 90' lang='lat' dir='ltr'><strong>caelitus.</strong></span> <span class='ocrx_word' id='word_1_226' title='bbox 1076 3481 1194 3550; x_wconf 78' lang='lat' dir='ltr'><strong>Amen.</strong></span> 
     </span>
    </p>

    <p class='ocr_par' dir='ltr' id='par_1_9' title="bbox 271 3570 1150 3746">
     <span class='ocr_line' id='line_1_37' title="bbox 315 3570 1071 3660; baseline -0.001 -24"><span class='ocrx_word' id='word_1_227' title='bbox 315 3571 447 3638; x_wconf 85' lang='lat' dir='ltr'><strong>Scilicet</strong></span> <span class='ocrx_word' id='word_1_228' title='bbox 469 3580 503 3639; x_wconf 89' lang='lat' dir='ltr'><strong>et</strong></span> <span class='ocrx_word' id='word_1_229' title='bbox 525 3574 667 3660; x_wconf 76' lang='lat' dir='ltr'><strong>genitrix</strong></span> <span class='ocrx_word' id='word_1_230' title='bbox 690 3574 748 3637; x_wconf 86' lang='lat' dir='ltr'><strong>tali</strong></span> <span class='ocrx_word' id='word_1_231' title='bbox 770 3572 860 3636; x_wconf 83' lang='lat' dir='ltr'><strong>laetu</strong></span> <span class='ocrx_word' id='word_1_232' title='bbox 881 3570 967 3636; x_wconf 89' lang='lat' dir='ltr'><strong>bene</strong></span> <span class='ocrx_word' id='word_1_233' title='bbox 990 3570 1071 3635; x_wconf 83' lang='lat' dir='ltr'><strong>felix</strong></span> 
     </span>
     <span class='ocr_line' id='line_1_38' title="bbox 271 3657 1150 3746; baseline -0.005 -24"><span class='ocrx_word' id='word_1_234' title='bbox 271 3657 478 3725; x_wconf 72' lang='lat' dir='ltr'><strong>conlaudans</strong></span> <span class='ocrx_word' id='word_1_235' title='bbox 499 3681 612 3746; x_wconf 88' lang='lat' dir='ltr'><strong>regem</strong></span> <span class='ocrx_word' id='word_1_236' title='bbox 635 3661 751 3725; x_wconf 88' lang='lat' dir='ltr'><strong>cecinit</strong></span> <span class='ocrx_word' id='word_1_237' title='bbox 773 3659 818 3724; x_wconf 90' lang='lat' dir='ltr'><strong>sic</strong></span> <span class='ocrx_word' id='word_1_238' title='bbox 840 3658 937 3723; x_wconf 88' lang='lat' dir='ltr'><strong>Anna</strong></span> <span class='ocrx_word' id='word_1_239' title='bbox 958 3676 1150 3744; x_wconf 89' lang='lat' dir='ltr'><strong>perennem:</strong></span> 
     </span>
    </p>
   </div>
   <div class='ocr_carea' id='block_1_3' title="bbox 1143 3777 1298 3788">
    <p class='ocr_par' dir='ltr' id='par_1_10' title="bbox 1143 3777 1298 3788">
     <span class='ocr_line' id='line_1_39' title="bbox 1143 3777 1298 3788; baseline -0.013 -2"><span class='ocrx_word' id='word_1_240' title='bbox 1143 3777 1298 3788; x_wconf 79' lang='lat'><strong>——-—-</strong></span> 
     </span>
    </p>
   </div>
   <div class='ocr_carea' id='block_1_4' title="bbox 169 3844 1298 4126">
    <p class='ocr_par' dir='ltr' id='par_1_11' title="bbox 169 3844 1298 4126">
     <span class='ocr_line' id='line_1_40' title="bbox 248 3844 1298 3920; baseline -0.01 -16"><span class='ocrx_word' id='word_1_241' title='bbox 248 3849 301 3904; x_wconf 74' lang='lat'><strong>278</strong></span> <span class='ocrx_word' id='word_1_242' title='bbox 318 3854 352 3903; x_wconf 82' lang='lat' dir='ltr'><strong>Et</strong></span> <span class='ocrx_word' id='word_1_243' title='bbox 368 3854 432 3918; x_wconf 87' lang='lat' dir='ltr'><strong>quia</strong></span> <span class='ocrx_word' id='word_1_244' title='bbox 448 3853 481 3902; x_wconf 77' lang='lat' dir='ltr'><em>M</em></span> <span class='ocrx_word' id='word_1_245' title='bbox 497 3851 543 3920; x_wconf 79' lang='lat' dir='ltr'><strong>(cs.</strong></span> <span class='ocrx_word' id='word_1_246' title='bbox 568 3852 682 3917; x_wconf 73' lang='lat' dir='ltr'><strong>Theopl.</strong></span> <span class='ocrx_word' id='word_1_247' title='bbox 693 3855 755 3911; x_wconf 72' lang='lat'><strong>2945</strong></span> <span class='ocrx_word' id='word_1_248' title='bbox 772 3859 839 3903; x_wconf 79' lang='lat' dir='ltr'><strong>recte</strong></span> <span class='ocrx_word' id='word_1_249' title='bbox 852 3850 932 3915; x_wconf 69' lang='lat' dir='ltr'><strong>prim.</strong></span> <span class='ocrx_word' id='word_1_250' title='bbox 942 3846 1000 3914; x_wconf 80' lang='lat'><em>367)</em></span> <span class='ocrx_word' id='word_1_251' title='bbox 1069 3844 1120 3898; x_wconf 72' lang='lat'><strong>279</strong></span> <span class='ocrx_word' id='word_1_252' title='bbox 1138 3846 1201 3912; x_wconf 72' lang='lat' dir='ltr'><strong>fort.</strong></span> <span class='ocrx_word' id='word_1_253' title='bbox 1219 3845 1298 3909; x_wconf 85' lang='lat' dir='ltr'><strong>Regis</strong></span> 
     </span>
     <span class='ocr_line' id='line_1_41' title="bbox 171 3912 1298 3995; baseline -0.015 -14"><span class='ocrx_word' id='word_1_254' title='bbox 171 3912 216 3987; x_wconf 80' lang='lat' dir='ltr'><strong>(in)</strong></span> <span class='ocrx_word' id='word_1_255' title='bbox 234 3923 333 3973; x_wconf 73' lang='lat' dir='ltr'><strong>aeterni</strong></span> <span class='ocrx_word' id='word_1_256' title='bbox 414 3919 628 3975; x_wconf 73' lang='lat' dir='ltr'><strong>281uortunau</strong></span> <span class='ocrx_word' id='word_1_257' title='bbox 647 3920 682 3972; x_wconf 78' lang='lat' dir='ltr'><em>M</em></span> <span class='ocrx_word' id='word_1_258' title='bbox 696 3919 781 3986; x_wconf 60' lang='lat' dir='ltr'><strong>spn&#39;or</strong></span> <span class='ocrx_word' id='word_1_259' title='bbox 799 3928 809 3971; x_wconf 87' lang='lat' dir='ltr'><strong>t</strong></span> <span class='ocrx_word' id='word_1_260' title='bbox 826 3921 854 3970; x_wconf 77' lang='lat' dir='ltr'><strong>iss</strong></span> <span class='ocrx_word' id='word_1_261' title='bbox 871 3935 925 3971; x_wconf 78' lang='lat' dir='ltr'><strong>ros.</strong></span> <span class='ocrx_word' id='word_1_262' title='bbox 942 3936 976 3969; x_wconf 85' lang='lat' dir='ltr'><strong>m.</strong></span> <span class='ocrx_word' id='word_1_263' title='bbox 989 3915 1017 3980; x_wconf 74' lang='lat'><strong>2)</strong></span> <span class='ocrx_word' id='word_1_264' title='bbox 1095 3912 1145 3966; x_wconf 74' lang='lat'><strong>307</strong></span> <span class='ocrx_word' id='word_1_265' title='bbox 1163 3916 1226 3982; x_wconf 82' lang='lat' dir='ltr'><strong>sort.</strong></span> <span class='ocrx_word' id='word_1_266' title='bbox 1244 3914 1298 3995; x_wconf 61' lang='lat' dir='ltr'><strong>l⁰¹i</strong></span> 
     </span>
     <span class='ocr_line' id='line_1_42' title="bbox 169 3984 1298 4056; baseline -0.012 -11"><span class='ocrx_word' id='word_1_267' title='bbox 169 3984 346 4056; x_wconf 53' lang='lat' dir='ltr'><strong>(oetam)</strong></span> <span class='ocrx_word' id='word_1_268' title='bbox 432 3989 484 4043; x_wconf 82' lang='lat'><strong>312</strong></span> <span class='ocrx_word' id='word_1_269' title='bbox 505 3994 576 4043; x_wconf 76' lang='lat' dir='ltr'><strong>sactu</strong></span> <span class='ocrx_word' id='word_1_270' title='bbox 600 3990 645 4042; x_wconf 80' lang='lat' dir='ltr'><strong>M:</strong></span> <span class='ocrx_word' id='word_1_271' title='bbox 668 3991 769 4042; x_wconf 73' lang='lat' dir='ltr'><strong>correxi</strong></span> <span class='ocrx_word' id='word_1_272' title='bbox 790 4006 822 4040; x_wconf 73' lang='lat' dir='ltr'><strong>ru·</strong></span> <span class='ocrx_word' id='word_1_273' title='bbox 841 3989 923 4055; x_wconf 73' lang='lat' dir='ltr'><strong>Gorty.</strong></span> <span class='ocrx_word' id='word_1_274' title='bbox 940 3990 983 4052; x_wconf 80' lang='lat'><strong>33,</strong></span> <span class='ocrx_word' id='word_1_275' title='bbox 1009 3984 1124 4037; x_wconf 78' lang='lat' dir='ltr'><strong>Mos-,65</strong></span> <span class='ocrx_word' id='word_1_276' title='bbox 1145 3984 1192 4050; x_wconf 71' lang='lat' dir='ltr'><strong>(cf.</strong></span> <span class='ocrx_word' id='word_1_277' title='bbox 1221 3991 1298 4036; x_wconf 70' lang='lat' dir='ltr'><strong>ettam</strong></span> 
     </span>
     <span class='ocr_line' id='line_1_43' title="bbox 170 4056 1039 4126; baseline -0.001 -18"><span class='ocrx_word' id='word_1_278' title='bbox 170 4057 268 4112; x_wconf 77' lang='lat' dir='ltr'><strong>Poutr&#39;n.</strong></span> <span class='ocrx_word' id='word_1_279' title='bbox 287 4061 431 4114; x_wconf 69' lang='lat' dir='ltr'><strong>Pete-icero.</strong></span> <span class='ocrx_word' id='word_1_280' title='bbox 445 4061 466 4111; x_wconf 95' lang='lat' dir='ltr'><strong><em>I</em></strong></span> <span class='ocrx_word' id='word_1_281' title='bbox 473 4064 529 4126; x_wconf 79' lang='lat'><em>232,</em></span> <span class='ocrx_word' id='word_1_282' title='bbox 546 4061 598 4111; x_wconf 79' lang='lat' dir='ltr'><strong>rito</strong></span> <span class='ocrx_word' id='word_1_283' title='bbox 615 4059 753 4111; x_wconf 66' lang='lat' dir='ltr'><strong>Marsicae</strong></span> <span class='ocrx_word' id='word_1_284' title='bbox 771 4058 822 4111; x_wconf 76' lang='lat' dir='ltr'><strong>SS.</strong></span> <span class='ocrx_word' id='word_1_285' title='bbox 835 4057 865 4107; x_wconf 84' lang='lat' dir='ltr'><em>X</em></span> <span class='ocrx_word' id='word_1_286' title='bbox 878 4076 903 4124; x_wconf 83' lang='grc' dir='ltr'><strong>ρ.</strong></span> <span class='ocrx_word' id='word_1_287' title='bbox 917 4056 1039 4122; x_wconf 79' lang='lat'><em>680,18).</em></span> 
     </span>
    </p>
   </div>
   <div class='ocr_carea' id='block_1_5' title="bbox 170 4224 1298 4439">
    <p class='ocr_par' dir='ltr' id='par_1_12' title="bbox 170 4224 1298 4439">
     <span class='ocr_line' id='line_1_44' title="bbox 247 4224 1298 4301; baseline -0.01 -17"><span class='ocrx_word' id='word_1_288' title='bbox 247 4231 300 4287; x_wconf 75' lang='grc'><strong>285</strong></span> <span class='ocrx_word' id='word_1_289' title='bbox 318 4236 353 4301; x_wconf 73' lang='lat' dir='ltr'><strong>cs.</strong></span> <span class='ocrx_word' id='word_1_290' title='bbox 372 4233 441 4301; x_wconf 65' lang='lat' dir='ltr'><strong>Apo.</strong></span> <span class='ocrx_word' id='word_1_291' title='bbox 454 4238 511 4286; x_wconf 75' lang='lat'><strong>450.</strong></span> <span class='ocrx_word' id='word_1_292' title='bbox 583 4230 636 4284; x_wconf 78' lang='lat'><strong>286</strong></span> <span class='ocrx_word' id='word_1_293' title='bbox 654 4233 688 4299; x_wconf 66' lang='lat' dir='ltr'><strong>ef.</strong></span> <span class='ocrx_word' id='word_1_294' title='bbox 707 4232 846 4282; x_wconf 64' lang='lat' dir='ltr'><strong>Manem.</strong></span> <span class='ocrx_word' id='word_1_295' title='bbox 863 4233 918 4282; x_wconf 79' lang='lat'><strong><em>357.</em></strong></span> <span class='ocrx_word' id='word_1_296' title='bbox 991 4224 1043 4280; x_wconf 79' lang='lat'><strong>28⁷</strong></span> <span class='ocrx_word' id='word_1_297' title='bbox 1062 4242 1153 4292; x_wconf 81' lang='lat' dir='ltr'><strong>quem:</strong></span> <span class='ocrx_word' id='word_1_298' title='bbox 1169 4242 1203 4276; x_wconf 78' lang='lat' dir='ltr'><strong>ee.</strong></span> <span class='ocrx_word' id='word_1_299' title='bbox 1222 4224 1298 4276; x_wconf 60' lang='lat' dir='ltr'><strong>&amp;um</strong></span> 
     </span>
     <span class='ocr_line' id='line_1_45' title="bbox 171 4295 1297 4365; baseline -0.01 -11"><span class='ocrx_word' id='word_1_300' title='bbox 171 4302 199 4363; x_wconf 82' lang='lat' dir='ltr'><strong>(e.</strong></span> <span class='ocrx_word' id='word_1_301' title='bbox 210 4308 261 4357; x_wconf 71' lang='lat'><strong>286</strong></span> <span class='ocrx_word' id='word_1_302' title='bbox 279 4306 387 4364; x_wconf 62' lang='lat' dir='ltr'><strong>divisim</strong></span> <span class='ocrx_word' id='word_1_303' title='bbox 405 4302 589 4357; x_wconf 66' lang='lat' dir='ltr'><strong>Pe-Meuuo</strong></span> <span class='ocrx_word' id='word_1_304' title='bbox 605 4303 634 4353; x_wconf 91' lang='lat' dir='ltr'><strong>in</strong></span> <span class='ocrx_word' id='word_1_305' title='bbox 651 4303 693 4353; x_wconf 87' lang='lat' dir='ltr'><strong>dei</strong></span> <span class='ocrx_word' id='word_1_306' title='bbox 710 4299 852 4365; x_wconf 84' lang='lat' dir='ltr'><strong>leudibus).</strong></span> <span class='ocrx_word' id='word_1_307' title='bbox 955 4295 1008 4349; x_wconf 77' lang='lat'><strong>293</strong></span> <span class='ocrx_word' id='word_1_308' title='bbox 1026 4298 1060 4363; x_wconf 78' lang='lat' dir='ltr'><strong>es.</strong></span> <span class='ocrx_word' id='word_1_309' title='bbox 1079 4295 1150 4346; x_wconf 82' lang='lat' dir='ltr'><strong>Mor.</strong></span> <span class='ocrx_word' id='word_1_310' title='bbox 1163 4299 1221 4346; x_wconf 78' lang='grc'><strong><em>604.</em></strong></span> <span class='ocrx_word' id='word_1_311' title='bbox 1239 4296 1297 4344; x_wconf 74' lang='lat'><em>692.</em></span> 
     </span>
     <span class='ocr_line' id='line_1_46' title="bbox 170 4365 1119 4439; baseline -0.012 -12"><span class='ocrx_word' id='word_1_312' title='bbox 170 4369 216 4427; x_wconf 72' lang='lat'><strong>295</strong></span> <span class='ocrx_word' id='word_1_313' title='bbox 231 4373 267 4439; x_wconf 73' lang='lat' dir='ltr'><strong>ef.</strong></span> <span class='ocrx_word' id='word_1_314' title='bbox 285 4373 357 4427; x_wconf 75' lang='lat' dir='ltr'><strong>Mor.</strong></span> <span class='ocrx_word' id='word_1_315' title='bbox 370 4377 426 4428; x_wconf 72' lang='lat' dir='ltr'><strong>aot.</strong></span> <span class='ocrx_word' id='word_1_316' title='bbox 512 4368 564 4424; x_wconf 75' lang='lat'><strong>29⁷</strong></span> <span class='ocrx_word' id='word_1_317' title='bbox 581 4387 616 4437; x_wconf 77' lang='lat' dir='ltr'><strong>sq.</strong></span> <span class='ocrx_word' id='word_1_318' title='bbox 636 4372 670 4438; x_wconf 70' lang='lat' dir='ltr'><strong>cf.</strong></span> <span class='ocrx_word' id='word_1_319' title='bbox 688 4369 767 4422; x_wconf 75' lang='lat' dir='ltr'><strong>Dion.</strong></span> <span class='ocrx_word' id='word_1_320' title='bbox 782 4372 820 4422; x_wconf 81' lang='lat'><strong>13.</strong></span> <span class='ocrx_word' id='word_1_321' title='bbox 907 4365 960 4420; x_wconf 79' lang='grc'><strong>308</strong></span> <span class='ocrx_word' id='word_1_322' title='bbox 978 4366 1011 4434; x_wconf 72' lang='lat' dir='ltr'><strong>es.</strong></span> <span class='ocrx_word' id='word_1_323' title='bbox 1031 4381 1082 4417; x_wconf 82' lang='lat' dir='ltr'><strong>oro.</strong></span> <span class='ocrx_word' id='word_1_324' title='bbox 1096 4370 1119 4416; x_wconf 86' lang='lat'><strong>1.</strong></span> 
     </span>
    </p>
   </div>
   <div class='ocr_carea' id='block_1_6' title="bbox 0 0 1466 5024">
    <p class='ocr_par' dir='ltr' id='par_1_13' title="bbox 0 0 1466 5024">
     <span class='ocr_line' id='line_1_47' title="bbox 0 0 1466 5024; baseline 0 0"><span class='ocrx_word' id='word_1_325' title='bbox 0 0 1466 5024; x_wconf 95' lang='lat' dir='ltr'><strong> </strong></span> 
     </span>
    </p>
   </div>
  </div>
 </body>
</html>
