2910 5024
527 369 583 425 ll.
602 367 764 440 Dionysius.

181 542 321 609 Viderat
344 542 500 629 angelicis
522 549 671 628 saeptum
693 539 838 606 residere
860 540 1023 624 ministris,

181 630 235 696 De
259 630 417 715 caeloque
439 648 554 714 rogum
576 629 695 713 raptim
718 627 918 693 descendere
940 647 1105 713 magnum,

179 716 251 783 (leu
272 717 359 782 soret
382 717 519 780 emissus
541 716 702 779 scelerum
723 714 844 779 uindex
867 715 1058 799 aliquorum.

177 803 266 870 Hinc
288 810 392 868 terras
413 803 514 867 oculis
535 822 662 865 rursum
683 800 850 865 lustrando
873 802 1013 883 reflexis,
1211 799 1322 866 solut

178 889 390 956 Horrendum
411 889 577 953 baratrum
601 888 772 974 conspexit
793 887 884 952 hiare
908 887 1059 953 deorsum

179 976 353 1063 Anguibus
374 977 545 1061 impletum
567 975 664 1040 variis
685 975 866 1060 poenisque
889 974 1059 1050 refertum3

181 1063 290 1150 Supra
312 1061 400 1148 quod
421 1062 532 1126 miseri
553 1060 673 1146 plantis
694 1060 896 1146 lapsantibus
917 1061 965 1126 illi

180 1149 377 1215 Haerebant
399 1169 489 1232 ergo,
512 1148 628 1212 flentes
649 1149 683 1212 in
705 1147 800 1212 litore
823 1167 963 1224 summo;

179 1235 314 1322 Egressi
338 1255 467 1321 quoque
490 1240 659 1319 serpentes
681 1233 754 1298 illos
778 1235 958 1299 cruciantes

181 1320 355 1408 (lugebant
376 1341 488 1386 secum
511 1320 676 1385 baratrum
699 1328 873 1405 penetrare
896 1319 1097 1406 profundum.

181 1407 255 1483 Quo
278 1409 348 1473 riso
371 1407 497 1493 Carpus
517 1407 641 1471 maiore
664 1407 773 1471 furore
795 1406 942 1492 repletus

180 1493 302 1579 Deflet,
326 1495 413 1581 quod
435 1494 545 1558 miseri
566 1514 632 1558 non
655 1499 766 1557 essent
787 1494 1002 1579 praecipitati,

181 1580 341 1667 Voceque
364 1581 497 1646 confusa
519 1601 642 1645 rursum
666 1585 819 1665 repetens
841 1579 1026 1662 maledicta,

181 1667 228 1732 Ut
250 1667 360 1732 dimna
382 1688 466 1748 roos,
492 1673 572 1747 orat,
596 1687 673 1730 mox
695 1667 775 1730 ultio
798 1665 924 1751 perdat.

181 1753 332 1836 Dixerat,
356 1761 390 1820 et
412 1754 522 1819 Iesum
545 1754 640 1817 solita
662 1753 786 1838 pietate
810 1752 985 1837 benignum

184 1840 237 1906 De
260 1862 386 1906 summo
410 1842 493 1906 caeli
516 1840 596 1904 solio
620 1846 806 1926 promptum
828 1839 975 1904 misereri

183 2099 270 2181 Infit,
292 2119 359 2164 non
381 2099 494 2164 mitem
517 2097 616 2184 Ourpi
639 2096 801 2163 causando
825 2097 985 2162 dolorem:

180 2186 343 2267 ‘Percute,
367 2186 394 2250 si
416 2185 531 2271 possis,
554 2192 667 2251 contra
688 2205 752 2265 me,
777 2183 893 2270 Carpe,
917 2184 1058 2266 rebellis,

184 2272 248 2348 Qui
271 2274 362 2358 cupis
383 2273 548 2337 interitum
571 2272 717 2336 sitienter
739 2269 854 2335 adesse
877 2290 1022 2346 reorum;

183 2359 235 2425 En
258 2378 322 2444 ego
345 2379 416 2423 sum
438 2359 520 2423 caeli
542 2365 650 2423 rector
671 2356 849 2443 Mortisque
871 2365 1061 2443 peremptor

182 2445 337 2511 Humana
358 2465 467 2509 rursus
488 2465 548 2531 pro
571 2451 670 2529 gente
692 2445 761 2529 pati
782 2444 836 2530 pie
858 2453 1037 2530 promptus,

183 2532 222 2597 Si
244 2552 309 2596 nou
332 2532 450 2596 saltari
472 2538 608 2616 possunt
630 2531 725 2595 aliter
747 2531 910 2610 scelerosi,

183 2616 247 2690 Qui
293 2625 343 2692 ost
365 2619 571 2682 commissum
594 2616 720 2681 discunt
743 2617 864 2681 deflere
886 2623 1023 2682 reatum.

181 2704 252 2770 Nec
269 2640 347 2771 leve
371 2702 465 2784 duco,
487 2723 582 2768 meae
604 2703 740 2768 dextrae
762 2703 827 2766 iam
850 2702 976 2789 plasma
997 2705 1115 2790 perire,

184 2789 281 2865 Quod
302 2790 472 2876 pulchrum
494 2790 568 2871 feci,
592 2789 679 2875 quod
702 2797 887 2875 corruptum
909 2792 1069 2876 reparavi.

185 2877 282 2963 Elige
306 2898 400 2959 nunc,
424 2876 551 2942 dulcem
574 2877 627 2941 vel
650 2875 805 2941 sectando
827 2876 985 2962 pietatem

182 2964 223 3029 In
245 2963 337 3029 caelo
359 2984 487 3028 mecum
510 2983 640 3048 semper
662 2982 800 3047 regnare
823 2982 883 3049 per
906 2983 1033 3046 aerum,
1207 2974 1257 3042 sot.
1270 2975 1324 3027 osv

183 3050 249 3116 Vel
294 3071 331 3116 er
353 3050 522 3115 saevitiam
546 3048 636 3114 dirae
658 3050 776 3114 mentis
798 3049 884 3113 male
908 3048 1022 3113 duram

185 3071 350 3223 supplicio
373 3137 495 3201 baratri
518 3136 603 3201 tradi
626 3137 695 3200 sine
718 3136 782 3200 line
805 3134 980 3220 profundi.³

181 3223 244 3288 His
265 3224 397 3288 nimium
420 3225 521 3288 iustus
544 3223 674 3287 monitis
695 3223 745 3286 vir
766 3222 1017 3301 mansuefactus,

180 3309 378 3396 Exemplum
401 3312 524 3375 cunctis
544 3308 722 3374 imitandae
743 3308 780 3372 lit
801 3308 941 3393 pietatis.

226 3395 307 3460 Post
328 3396 411 3461 haec
433 3416 630 3461 summorum
652 3395 741 3459 fama
763 3395 868 3458 clarus
890 3394 1079 3459 meritorum

182 3482 321 3548 Praesul
344 3481 502 3568 disposuit
523 3481 663 3546 Romam
685 3481 821 3567 petiisse
843 3481 1027 3566 superbam,

160 3670 593 3741 lbpluntifflcclbcocperctd!
626 3672 752 3737 illisde
827 3669 1088 3724 ddreosoratricll
1151 3679 1213 3736 post

133 3742 141 3794 's
161 3743 249 3808 plura
270 3742 428 3794 bereum
448 3743 527 3793 musi
550 3742 608 3794 coll.
631 3741 767 3794 Hildtcs'no
789 3741 938 3808 sol.100'.·
962 3743 1048 3793 Iesum
1070 3739 1213 3808 benignum

133 3814 183 3865 itus
208 3820 248 3865 est
263 3813 429 3864 miserantem
452 3827 529 3880 super
547 3818 694 3879 peccatores
715 3812 760 3878 qui
777 3812 976 3878 torquebantur,
1002 3818 1027 3862 st
1044 3816 1213 3877 exurgentem

133 3899 147 3934 u
169 3881 203 3934 de
220 3881 326 3933 aelesti
343 3882 436 3932 throno
457 3898 488 3933 ac
505 3881 702 3933 descendentem
718 3896 803 3947 usque
825 3881 860 3933 ad
876 3880 935 3932 illos
957 3887 984 3931 et
1000 3895 1106 3931 manum
1122 3879 1214 3946 benig·

153 3951 207 4003 illis
229 3951 258 4002 in
275 3950 409 4002 tormentis
431 3951 520 4018 positis
537 3951 681 4018 porrexisse
687 3969 695 4013 ;
721 3967 834 4016 moxque
856 3949 1008 4017 augelorum
1025 3948 1212 4012 multitudines,

134 4037 197 4073 cum
214 4036 246 4073 co
263 4020 461 4082 descenderant,
485 4029 671 4088 coacceperunt
694 4020 753 4072 illos
774 4020 806 4071 de
823 4027 932 4086 utraque
948 4026 1021 4085 parte
1041 4016 1095 4082 (bic
1111 4016 1213 4085 aliquid

133 4089 224 4143 mum
241 4089 364 4154 videbor),
384 4090 412 4139 in
434 4106 486 4155 qna
503 4090 609 4142 stabant
626 4089 687 4140 dum
705 4097 899 4156 torquerentur:
922 4087 1026 4154 quando
1051 4089 1089 4140 eis
1106 4103 1213 4139 manum

133 4160 186 4212 exit
211 4159 342 4226 benignus
365 4160 439 4210 Iesus
466 4166 491 4210 et
514 4160 697 4210 continuerunt
723 4159 789 4210 illos
819 4159 853 4208 Et
875 4173 1015 4210 convenam
1042 4157 1077 4209 ad
1098 4157 1213 4225 Carpum

133 4228 230 4282 edixit
248 4229 272 4279 ei
289 4237 335 4280 cto.
405 4224 441 4280 90
456 4234 538 4295 pptus
557 4228 599 4290 M,·
617 4228 675 4281 item
693 4231 786 4293 odoi,
805 4227 936 4294 Apsum
1003 4224 1057 4280 ΗΧ)
1072 4226 1211 4279 cuntisM¹

157 4382 193 4438 85
211 4385 247 4452 cf.
265 4382 334 4451 Agru.
346 4385 402 4448 327,
414 4383 495 4449 prim.
509 4385 567 4435 249.
