<?xml version="1.0" encoding="UTF-8"?>
<!DOCTYPE html PUBLIC "-//W3C//DTD XHTML 1.0 Transitional//EN"
    "http://www.w3.org/TR/xhtml1/DTD/xhtml1-transitional.dtd">
<html xmlns="http://www.w3.org/1999/xhtml" xml:lang="en" lang="en">
 <head>
  <title>
</title>
<meta http-equiv="Content-Type" content="text/html;charset=utf-8" />
  <meta name='ocr-system' content='tesseract 3.04.00' />
  <meta name='ocr-capabilities' content='ocr_page ocr_carea ocr_par ocr_line ocrx_word'/>
</head>
<body>
  <div class='ocr_page' id='page_1' title='image "./hrotsvithaeoper02hrotgoog_0188.png"; bbox 0 0 2910 5024; ppageno 0'>
   <div class='ocr_carea' id='block_1_1' title="bbox 519 369 1202 430">
    <p class='ocr_par' dir='ltr' id='par_1_1' title="bbox 519 369 1202 430">
     <span class='ocr_line' id='line_1_1' title="bbox 519 369 1202 430; baseline 0.007 -6"><span class='ocrx_word' id='word_1_1' title='bbox 519 370 588 425; x_wconf 81' lang='lat'>114.</span> <span class='ocrx_word' id='word_1_2' title='bbox 607 369 754 426; x_wconf 78' lang='lat' dir='ltr'>Abrabam.</span> <span class='ocrx_word' id='word_1_3' title='bbox 1153 375 1202 430; x_wconf 83' lang='lat'>151</span> 
     </span>
    </p>
   </div>
   <div class='ocr_carea' id='block_1_2' title="bbox 10 542 1351 2592">
    <p class='ocr_par' dir='ltr' id='par_1_2' title="bbox 12 542 1224 798">
     <span class='ocr_line' id='line_1_2' title="bbox 12 542 1202 632; baseline -0.001 -21"><span class='ocrx_word' id='word_1_4' title='bbox 12 543 40 632; x_wconf 82' lang='lat' dir='ltr'>t]</span> <span class='ocrx_word' id='word_1_5' title='bbox 154 543 320 608; x_wconf 71' lang='lat' dir='ltr'>Asanam.</span> <span class='ocrx_word' id='word_1_6' title='bbox 365 542 542 628; x_wconf 89' lang='lat' dir='ltr'>Postquam</span> <span class='ocrx_word' id='word_1_7' title='bbox 571 543 657 607; x_wconf 90' lang='lat' dir='ltr'>enim</span> <span class='ocrx_word' id='word_1_8' title='bbox 684 543 773 608; x_wconf 90' lang='lat' dir='ltr'>bisce</span> <span class='ocrx_word' id='word_1_9' title='bbox 801 543 950 609; x_wconf 89' lang='lat' dir='ltr'>lamentis</span> <span class='ocrx_word' id='word_1_10' title='bbox 977 565 1012 609; x_wconf 90' lang='lat' dir='ltr'>se</span> <span class='ocrx_word' id='word_1_11' title='bbox 1038 546 1172 630; x_wconf 89' lang='lat' dir='ltr'>punivit,</span> <span class='ocrx_word' id='word_1_12' title='bbox 1197 545 1202 631; x_wconf 98' lang='grc' dir='ltr'>Ι</span> 
     </span>
     <span class='ocr_line' id='line_1_3' title="bbox 62 626 1224 798; baseline 0.003 -103"><span class='ocrx_word' id='word_1_13' title='bbox 62 631 233 695; x_wconf 80' lang='lat' dir='ltr'>nimietate</span> <span class='ocrx_word' id='word_1_14' title='bbox 257 630 341 798; x_wconf 66' lang='lat' dir='ltr'>vi&#39;cta</span> <span class='ocrx_word' id='word_1_15' title='bbox 370 628 489 694; x_wconf 92' lang='lat' dir='ltr'>doloris</span> <span class='ocrx_word' id='word_1_16' title='bbox 514 629 519 714; x_wconf 88' lang='grc' dir='ltr'>Ι</span> <span class='ocrx_word' id='word_1_17' title='bbox 546 649 706 716; x_wconf 89' lang='lat' dir='ltr'>praeceps</span> <span class='ocrx_word' id='word_1_18' title='bbox 734 629 900 695; x_wconf 84' lang='lat' dir='ltr'>ferebatur</span> <span class='ocrx_word' id='word_1_19' title='bbox 926 631 959 695; x_wconf 92' lang='lat' dir='ltr'>in</span> <span class='ocrx_word' id='word_1_20' title='bbox 986 630 1115 697; x_wconf 84' lang='lat' dir='ltr'>foveam</span> <span class='ocrx_word' id='word_1_21' title='bbox 1145 626 1224 698; x_wconf 78' lang='lat' dir='ltr'>de·‘</span> 
     </span>
     <span class='ocr_line' id='line_1_4' title="bbox 63 717 268 782; baseline -0.015 0"><span class='ocrx_word' id='word_1_22' title='bbox 63 717 268 782; x_wconf 87' lang='lat' dir='ltr'>serationis.</span> 
     </span>
    </p>

    <p class='ocr_par' dir='ltr' id='par_1_3' title="bbox 21 739 1249 1472">
     <span class='ocr_line' id='line_1_5' title="bbox 79 739 912 886; baseline 0 -20"><span class='ocrx_word' id='word_1_23' title='bbox 79 739 101 804; x_wconf 70' lang='lat' dir='ltr'>p</span> <span class='ocrx_word' id='word_1_24' title='bbox 151 801 290 867; x_wconf 74' lang='lat' dir='ltr'>Emesa.</span> <span class='ocrx_word' id='word_1_25' title='bbox 334 799 386 865; x_wconf 70' lang='grc' dir='ltr'>ΕΙ]</span> <span class='ocrx_word' id='word_1_26' title='bbox 408 800 483 881; x_wconf 87' lang='lat' dir='ltr'>heu,</span> <span class='ocrx_word' id='word_1_27' title='bbox 508 820 606 886; x_wconf 88' lang='lat' dir='ltr'>quam</span> <span class='ocrx_word' id='word_1_28' title='bbox 628 801 736 886; x_wconf 87' lang='lat' dir='ltr'>gravis</span> <span class='ocrx_word' id='word_1_29' title='bbox 759 800 912 886; x_wconf 76' lang='lat' dir='ltr'>perditio!</span> 
     </span>
     <span class='ocr_line' id='line_1_6' title="bbox 153 885 1247 976; baseline 0.004 -23"><span class='ocrx_word' id='word_1_30' title='bbox 153 888 320 953; x_wconf 67' lang='lat' dir='ltr'>Ansam</span> <span class='ocrx_word' id='word_1_31' title='bbox 364 885 408 949; x_wconf 76' lang='lat' dir='ltr'>Et</span> <span class='ocrx_word' id='word_1_32' title='bbox 435 887 511 972; x_wconf 92' lang='lat' dir='ltr'>quia</span> <span class='ocrx_word' id='word_1_33' title='bbox 533 887 662 952; x_wconf 91' lang='lat' dir='ltr'>veniam</span> <span class='ocrx_word' id='word_1_34' title='bbox 684 886 870 972; x_wconf 79' lang='lat' dir='ltr'>desperavit</span> <span class='ocrx_word' id='word_1_35' title='bbox 896 908 994 974; x_wconf 88' lang='lat' dir='ltr'>possa</span> <span class='ocrx_word' id='word_1_36' title='bbox 1017 891 1204 976; x_wconf 87' lang='lat' dir='ltr'>promereri,</span> <span class='ocrx_word' id='word_1_37' title='bbox 1235 920 1247 958; x_wconf 77' lang='lat' dir='ltr'>s</span> 
     </span>
     <span class='ocr_line' id='line_1_7' title="bbox 65 973 1001 1060; baseline -0.001 -20"><span class='ocrx_word' id='word_1_38' title='bbox 65 976 235 1041; x_wconf 87' lang='lat' dir='ltr'>saeculum</span> <span class='ocrx_word' id='word_1_39' title='bbox 257 978 409 1058; x_wconf 86' lang='lat' dir='ltr'>repetere</span> <span class='ocrx_word' id='word_1_40' title='bbox 429 973 654 1059; x_wconf 72' lang='lat' dir='ltr'>{vanitatique</span> <span class='ocrx_word' id='word_1_41' title='bbox 678 974 779 1060; x_wconf 90' lang='lat' dir='ltr'>elegit</span> <span class='ocrx_word' id='word_1_42' title='bbox 802 974 975 1041; x_wconf 89' lang='lat' dir='ltr'>deservire.</span> <span class='ocrx_word' id='word_1_43' title='bbox 995 978 1001 1058; x_wconf 97' lang='grc' dir='ltr'>Ι</span> 
     </span>
     <span class='ocr_line' id='line_1_8' title="bbox 21 1058 1208 1146; baseline 0.002 -20"><span class='ocrx_word' id='word_1_44' title='bbox 21 1066 38 1126; x_wconf 82' lang='lat'><strong>7</strong></span> <span class='ocrx_word' id='word_1_45' title='bbox 149 1060 287 1125; x_wconf 68' lang='lat' dir='ltr'>Eventu.</span> <span class='ocrx_word' id='word_1_46' title='bbox 332 1058 430 1142; x_wconf 86' lang='lat' dir='ltr'>Hem,</span> <span class='ocrx_word' id='word_1_47' title='bbox 450 1080 510 1144; x_wconf 91' lang='lat' dir='ltr'>par</span> <span class='ocrx_word' id='word_1_48' title='bbox 524 1060 659 1123; x_wconf 91' lang='lat' dir='ltr'>victoria</span> <span class='ocrx_word' id='word_1_49' title='bbox 679 1059 684 1140; x_wconf 97' lang='grc' dir='ltr'>Ι</span> <span class='ocrx_word' id='word_1_50' title='bbox 703 1060 900 1146; x_wconf 78' lang='lat' dir='ltr'>spiritalibus</span> <span class='ocrx_word' id='word_1_51' title='bbox 915 1061 948 1125; x_wconf 93' lang='lat' dir='ltr'>in</span> <span class='ocrx_word' id='word_1_52' title='bbox 962 1068 1050 1127; x_wconf 88' lang='lat' dir='ltr'>sorte</span> <span class='ocrx_word' id='word_1_53' title='bbox 1066 1062 1208 1128; x_wconf 90' lang='lat' dir='ltr'>heremi-</span> 
     </span>
     <span class='ocr_line' id='line_1_9' title="bbox 65 1145 739 1232; baseline -0.004 -19"><span class='ocrx_word' id='word_1_54' title='bbox 65 1155 173 1213; x_wconf 81' lang='lat' dir='ltr'>tarum</span> <span class='ocrx_word' id='word_1_55' title='bbox 195 1146 348 1232; x_wconf 88' lang='lat' dir='ltr'>nequitiis</span> <span class='ocrx_word' id='word_1_56' title='bbox 370 1151 469 1209; x_wconf 88' lang='lat' dir='ltr'>antea</span> <span class='ocrx_word' id='word_1_57' title='bbox 492 1145 552 1210; x_wconf 84' lang='lat' dir='ltr'>luit</span> <span class='ocrx_word' id='word_1_58' title='bbox 573 1145 713 1210; x_wconf 87' lang='lat' dir='ltr'>insolita.</span> <span class='ocrx_word' id='word_1_59' title='bbox 735 1150 739 1228; x_wconf 96' lang='grc' dir='ltr'>Ι</span> 
     </span>
     <span class='ocr_line' id='line_1_10' title="bbox 152 1230 1069 1319; baseline -0.002 -21"><span class='ocrx_word' id='word_1_60' title='bbox 152 1233 319 1298; x_wconf 62' lang='lat' dir='ltr'>Manain.</span> <span class='ocrx_word' id='word_1_61' title='bbox 364 1230 432 1295; x_wconf 81' lang='lat' dir='ltr'>Sed</span> <span class='ocrx_word' id='word_1_62' title='bbox 454 1252 538 1297; x_wconf 92' lang='lat' dir='ltr'>nunc</span> <span class='ocrx_word' id='word_1_63' title='bbox 561 1232 757 1297; x_wconf 88' lang='lat' dir='ltr'>daemonum</span> <span class='ocrx_word' id='word_1_64' title='bbox 779 1253 889 1297; x_wconf 89' lang='lat' dir='ltr'>sumus</span> <span class='ocrx_word' id='word_1_65' title='bbox 911 1231 1043 1319; x_wconf 88' lang='lat' dir='ltr'>praeda.</span> <span class='ocrx_word' id='word_1_66' title='bbox 1064 1233 1069 1316; x_wconf 98' lang='grc' dir='ltr'>Ι</span> 
     </span>
     <span class='ocr_line' id='line_1_11' title="bbox 65 1317 1249 1470; baseline 0.003 -87"><span class='ocrx_word' id='word_1_67' title='bbox 65 1405 86 1470; x_wconf 73' lang='lat' dir='ltr'>d</span> <span class='ocrx_word' id='word_1_68' title='bbox 151 1319 290 1383; x_wconf 74' lang='lat' dir='ltr'>Euenus.</span> <span class='ocrx_word' id='word_1_69' title='bbox 334 1317 462 1399; x_wconf 86' lang='lat' dir='ltr'>Mirum,</span> <span class='ocrx_word' id='word_1_70' title='bbox 487 1320 542 1404; x_wconf 93' lang='lat' dir='ltr'>qui</span> <span class='ocrx_word' id='word_1_71' title='bbox 563 1318 634 1384; x_wconf 86' lang='lat' dir='ltr'>fieri</span> <span class='ocrx_word' id='word_1_72' title='bbox 650 1325 771 1405; x_wconf 87' lang='lat' dir='ltr'>posset,</span> <span class='ocrx_word' id='word_1_73' title='bbox 792 1327 797 1395; x_wconf 89' lang='grc' dir='ltr'>Ι</span> <span class='ocrx_word' id='word_1_74' title='bbox 816 1325 853 1382; x_wconf 93' lang='lat' dir='ltr'>ut</span> <span class='ocrx_word' id='word_1_75' title='bbox 875 1324 908 1384; x_wconf 90' lang='lat' dir='ltr'>te</span> <span class='ocrx_word' id='word_1_76' title='bbox 935 1320 1104 1406; x_wconf 81' lang='lat' dir='ltr'>ignorante</span> <span class='ocrx_word' id='word_1_77' title='bbox 1128 1340 1204 1384; x_wconf 91' lang='lat' dir='ltr'>eva·</span> <span class='ocrx_word' id='word_1_78' title='bbox 1223 1347 1249 1387; x_wconf 84' lang='grc' dir='ltr'>ιο</span> 
     </span>
     <span class='ocr_line' id='line_1_12' title="bbox 89 1412 170 1472; baseline -0.025 0"><span class='ocrx_word' id='word_1_79' title='bbox 89 1412 170 1472; x_wconf 88' lang='lat' dir='ltr'>eret.</span> 
     </span>
    </p>

    <p class='ocr_par' dir='ltr' id='par_1_4' title="bbox 18 1407 1205 1575">
     <span class='ocr_line' id='line_1_13' title="bbox 18 1407 1205 1575; baseline -0.003 -17"><span class='ocrx_word' id='word_1_80' title='bbox 18 1494 37 1558; x_wconf 81' lang='lat'>8</span> <span class='ocrx_word' id='word_1_81' title='bbox 150 1407 319 1556; x_wconf 71' lang='lat' dir='ltr'>Abarara.</span> <span class='ocrx_word' id='word_1_82' title='bbox 355 1488 489 1552; x_wconf 89' lang='lat' dir='ltr'>Interim</span> <span class='ocrx_word' id='word_1_83' title='bbox 512 1489 639 1554; x_wconf 85' lang='lat' dir='ltr'>fueram</span> <span class='ocrx_word' id='word_1_84' title='bbox 655 1495 880 1554; x_wconf 88' lang='lat' dir='ltr'>consternatus</span> <span class='ocrx_word' id='word_1_85' title='bbox 896 1496 1005 1555; x_wconf 91' lang='lat' dir='ltr'>mente</span> <span class='ocrx_word' id='word_1_86' title='bbox 1020 1490 1024 1575; x_wconf 92' lang='grc' dir='ltr'>Ι</span> <span class='ocrx_word' id='word_1_87' title='bbox 1038 1511 1082 1556; x_wconf 88' lang='lat' dir='ltr'>ex</span> <span class='ocrx_word' id='word_1_88' title='bbox 1098 1497 1205 1556; x_wconf 90' lang='lat' dir='ltr'>osten·</span> 
     </span>
    </p>

    <p class='ocr_par' dir='ltr' id='par_1_5' title="bbox 65 1577 1206 1661">
     <span class='ocr_line' id='line_1_14' title="bbox 65 1577 1206 1661; baseline -0.001 -19"><span class='ocrx_word' id='word_1_89' title='bbox 65 1598 123 1642; x_wconf 84' lang='lat' dir='ltr'>aas</span> <span class='ocrx_word' id='word_1_90' title='bbox 147 1577 279 1642; x_wconf 81' lang='lat' dir='ltr'>visionis</span> <span class='ocrx_word' id='word_1_91' title='bbox 302 1582 436 1655; x_wconf 87' lang='lat' dir='ltr'>terrore,</span> <span class='ocrx_word' id='word_1_92' title='bbox 456 1580 462 1657; x_wconf 97' lang='grc' dir='ltr'>Ι</span> <span class='ocrx_word' id='word_1_93' title='bbox 482 1596 561 1661; x_wconf 92' lang='lat' dir='ltr'>qua,</span> <span class='ocrx_word' id='word_1_94' title='bbox 591 1577 619 1640; x_wconf 94' lang='lat' dir='ltr'>si</span> <span class='ocrx_word' id='word_1_95' title='bbox 642 1597 734 1641; x_wconf 87' lang='lat' dir='ltr'>mens</span> <span class='ocrx_word' id='word_1_96' title='bbox 755 1597 820 1642; x_wconf 93' lang='lat' dir='ltr'>non</span> <span class='ocrx_word' id='word_1_97' title='bbox 842 1577 956 1642; x_wconf 88' lang='lat' dir='ltr'>fuisset</span> <span class='ocrx_word' id='word_1_98' title='bbox 976 1578 1081 1660; x_wconf 89' lang='lat' dir='ltr'>laeva,</span> <span class='ocrx_word' id='word_1_99' title='bbox 1102 1579 1107 1658; x_wconf 95' lang='grc' dir='ltr'>Ι</span> <span class='ocrx_word' id='word_1_100' title='bbox 1127 1578 1206 1642; x_wconf 92' lang='lat' dir='ltr'>mihi</span> 
     </span>
    </p>

    <p class='ocr_par' dir='ltr' id='par_1_6' title="bbox 65 1662 1247 1751">
     <span class='ocr_line' id='line_1_15' title="bbox 65 1662 1247 1751; baseline 0.003 -23"><span class='ocrx_word' id='word_1_101' title='bbox 65 1664 168 1751; x_wconf 90' lang='lat' dir='ltr'>praefi</span> <span class='ocrx_word' id='word_1_102' title='bbox 250 1663 346 1728; x_wconf 89' lang='lat' dir='ltr'>batur</span> <span class='ocrx_word' id='word_1_103' title='bbox 368 1662 437 1726; x_wconf 90' lang='lat' dir='ltr'>eius</span> <span class='ocrx_word' id='word_1_104' title='bbox 460 1663 586 1747; x_wconf 68' lang='lat' dir='ltr'>ruina}</span> <span class='ocrx_word' id='word_1_105' title='bbox 1221 1692 1247 1732; x_wconf 68' lang='grc' dir='ltr'>ιι</span> 
     </span>
    </p>

    <p class='ocr_par' dir='ltr' id='par_1_7' title="bbox 152 1747 1351 1936">
     <span class='ocr_line' id='line_1_16' title="bbox 183 1747 1351 1834; baseline 0.003 -19"><span class='ocrx_word' id='word_1_106' title='bbox 183 1771 291 1816; x_wconf 72' lang='lat' dir='ltr'>vunnu.</span> <span class='ocrx_word' id='word_1_107' title='bbox 335 1748 465 1812; x_wconf 85' lang='lat' dir='ltr'>Vellem</span> <span class='ocrx_word' id='word_1_108' title='bbox 488 1748 621 1813; x_wconf 91' lang='lat' dir='ltr'>modum</span> <span class='ocrx_word' id='word_1_109' title='bbox 642 1749 773 1814; x_wconf 90' lang='lat' dir='ltr'>visionis</span> <span class='ocrx_word' id='word_1_110' title='bbox 796 1747 944 1834; x_wconf 81' lang='lat' dir='ltr'>audire}</span> <span class='ocrx_word' id='word_1_111' title='bbox 1222 1766 1351 1833; x_wconf 62' lang='lat' dir='ltr'>folior*</span> 
     </span>
     <span class='ocr_line' id='line_1_17' title="bbox 152 1834 1206 1936; baseline -0.003 -36"><span class='ocrx_word' id='word_1_112' title='bbox 152 1836 321 1900; x_wconf 67' lang='lat' dir='ltr'>Aemula.</span> <span class='ocrx_word' id='word_1_113' title='bbox 364 1834 536 1916; x_wconf 85' lang='lat' dir='ltr'>Putabam,</span> <span class='ocrx_word' id='word_1_114' title='bbox 560 1855 613 1899; x_wconf 90' lang='lat' dir='ltr'>me</span> <span class='ocrx_word' id='word_1_115' title='bbox 637 1841 712 1900; x_wconf 89' lang='lat' dir='ltr'>ante</span> <span class='ocrx_word' id='word_1_116' title='bbox 736 1836 823 1899; x_wconf 84' lang='lat' dir='ltr'>foras</span> <span class='ocrx_word' id='word_1_117' title='bbox 846 1835 983 1900; x_wconf 85' lang='lat' dir='ltr'>cellulae</span> <span class='ocrx_word' id='word_1_118' title='bbox 1000 1835 1139 1916; x_wconf 88' lang='lat' dir='ltr'>stetisse,</span> <span class='ocrx_word' id='word_1_119' title='bbox 1152 1835 1159 1936; x_wconf 97' lang='grc' dir='ltr'>Ι</span> <span class='ocrx_word' id='word_1_120' title='bbox 1172 1839 1206 1898; x_wconf 90' lang='lat' dir='ltr'>et</span> 
     </span>
    </p>

    <p class='ocr_par' dir='ltr' id='par_1_8' title="bbox 64 1920 1204 2008">
     <span class='ocr_line' id='line_1_18' title="bbox 64 1920 1204 2008; baseline -0.003 -21"><span class='ocrx_word' id='word_1_121' title='bbox 64 1942 157 2001; x_wconf 89' lang='lat' dir='ltr'>ecce,</span> <span class='ocrx_word' id='word_1_122' title='bbox 190 1921 288 1986; x_wconf 87' lang='lat' dir='ltr'>draco</span> <span class='ocrx_word' id='word_1_123' title='bbox 318 1921 418 1985; x_wconf 87' lang='lat' dir='ltr'>mirae</span> <span class='ocrx_word' id='word_1_124' title='bbox 445 1922 676 2005; x_wconf 84' lang='lat' dir='ltr'>magnitudinis</span> <span class='ocrx_word' id='word_1_125' title='bbox 695 1922 700 2004; x_wconf 95' lang='grc' dir='ltr'>Ι</span> <span class='ocrx_word' id='word_1_126' title='bbox 719 1923 873 2008; x_wconf 91' lang='lat' dir='ltr'>nimiique</span> <span class='ocrx_word' id='word_1_127' title='bbox 903 1922 1047 2003; x_wconf 76' lang='lat' dir='ltr'>foetoris,</span> <span class='ocrx_word' id='word_1_128' title='bbox 1067 1922 1073 2005; x_wconf 97' lang='grc' dir='ltr'>Ι</span> <span class='ocrx_word' id='word_1_129' title='bbox 1091 1920 1204 2007; x_wconf 88' lang='lat' dir='ltr'>rap1do</span> 
     </span>
    </p>

    <p class='ocr_par' dir='ltr' id='par_1_9' title="bbox 63 2006 1204 2094">
     <span class='ocr_line' id='line_1_19' title="bbox 63 2006 1204 2094; baseline -0.001 -21"><span class='ocrx_word' id='word_1_130' title='bbox 63 2009 192 2094; x_wconf 88' lang='lat' dir='ltr'>impetu</span> <span class='ocrx_word' id='word_1_131' title='bbox 214 2007 402 2087; x_wconf 90' lang='lat' dir='ltr'>adveniens,</span> <span class='ocrx_word' id='word_1_132' title='bbox 421 2008 426 2088; x_wconf 96' lang='grc' dir='ltr'>Ι</span> <span class='ocrx_word' id='word_1_133' title='bbox 447 2006 651 2072; x_wconf 88' lang='lat' dir='ltr'>candidulam</span> <span class='ocrx_word' id='word_1_134' title='bbox 680 2027 773 2073; x_wconf 90' lang='lat' dir='ltr'>secus</span> <span class='ocrx_word' id='word_1_135' title='bbox 804 2029 858 2072; x_wconf 90' lang='lat' dir='ltr'>me</span> <span class='ocrx_word' id='word_1_136' title='bbox 881 2008 1065 2073; x_wconf 83' lang='lat' dir='ltr'>columbam</span> <span class='ocrx_word' id='word_1_137' title='bbox 1086 2028 1204 2094; x_wconf 90' lang='lat' dir='ltr'>reppe-</span> 
     </span>
    </p>

    <p class='ocr_par' dir='ltr' id='par_1_10' title="bbox 63 2092 1063 2245">
     <span class='ocr_line' id='line_1_20' title="bbox 63 2092 1063 2245; baseline -0.001 -85"><span class='ocrx_word' id='word_1_138' title='bbox 63 2096 181 2245; x_wconf 57' lang='lat' dir='ltr'>rienslq</span> <span class='ocrx_word' id='word_1_139' title='bbox 198 2096 295 2181; x_wconf 89' lang='lat' dir='ltr'>cepit,</span> <span class='ocrx_word' id='word_1_140' title='bbox 315 2096 321 2179; x_wconf 97' lang='grc' dir='ltr'>Ι</span> <span class='ocrx_word' id='word_1_141' title='bbox 341 2092 518 2175; x_wconf 89' lang='lat' dir='ltr'>devoravit,</span> <span class='ocrx_word' id='word_1_142' title='bbox 538 2095 544 2174; x_wconf 96' lang='grc' dir='ltr'>Ι</span> <span class='ocrx_word' id='word_1_143' title='bbox 563 2095 737 2181; x_wconf 90' lang='lat' dir='ltr'>subitoque</span> <span class='ocrx_word' id='word_1_144' title='bbox 760 2115 825 2159; x_wconf 93' lang='lat' dir='ltr'>non</span> <span class='ocrx_word' id='word_1_145' title='bbox 848 2095 1036 2180; x_wconf 86' lang='lat' dir='ltr'>comparuit.</span> <span class='ocrx_word' id='word_1_146' title='bbox 1057 2095 1063 2178; x_wconf 97' lang='grc' dir='ltr'>Ι</span> 
     </span>
    </p>

    <p class='ocr_par' dir='ltr' id='par_1_11' title="bbox 10 2179 1250 2246">
     <span class='ocr_line' id='line_1_21' title="bbox 10 2179 1250 2246; baseline 0.002 -2"><span class='ocrx_word' id='word_1_147' title='bbox 10 2195 44 2245; x_wconf 72' lang='lat' dir='ltr'>aa.</span> <span class='ocrx_word' id='word_1_148' title='bbox 182 2202 289 2246; x_wconf 75' lang='lat' dir='ltr'>ranna.</span> <span class='ocrx_word' id='word_1_149' title='bbox 334 2179 478 2244; x_wconf 82' lang='lat' dir='ltr'>Evidens</span> <span class='ocrx_word' id='word_1_150' title='bbox 501 2181 593 2246; x_wconf 91' lang='lat' dir='ltr'>visio.</span> <span class='ocrx_word' id='word_1_151' title='bbox 1224 2207 1250 2246; x_wconf 83' lang='lat' dir='ltr'>so</span> 
     </span>
    </p>

    <p class='ocr_par' dir='ltr' id='par_1_12' title="bbox 19 2264 1205 2527">
     <span class='ocr_line' id='line_1_22' title="bbox 19 2264 1205 2352; baseline -0.003 -20"><span class='ocrx_word' id='word_1_152' title='bbox 19 2280 39 2342; x_wconf 85' lang='grc'>9</span> <span class='ocrx_word' id='word_1_153' title='bbox 151 2267 319 2332; x_wconf 68' lang='lat' dir='ltr'>neaman.</span> <span class='ocrx_word' id='word_1_154' title='bbox 344 2268 390 2329; x_wconf 88' lang='lat' dir='ltr'>At</span> <span class='ocrx_word' id='word_1_155' title='bbox 404 2286 480 2351; x_wconf 88' lang='lat' dir='ltr'>ego,</span> <span class='ocrx_word' id='word_1_156' title='bbox 492 2266 548 2331; x_wconf 93' lang='lat' dir='ltr'>ubi</span> <span class='ocrx_word' id='word_1_157' title='bbox 565 2286 608 2331; x_wconf 84' lang='lat' dir='ltr'>ex</span> <span class='ocrx_word' id='word_1_158' title='bbox 633 2267 797 2352; x_wconf 91' lang='lat' dir='ltr'>ergisoens</span> <span class='ocrx_word' id='word_1_159' title='bbox 812 2272 932 2349; x_wconf 89' lang='lat' dir='ltr'>mente,</span> <span class='ocrx_word' id='word_1_160' title='bbox 949 2286 1033 2352; x_wconf 89' lang='lat' dir='ltr'>quae</span> <span class='ocrx_word' id='word_1_161' title='bbox 1043 2264 1205 2346; x_wconf 88' lang='lat' dir='ltr'>videbam,</span> 
     </span>
     <span class='ocr_line' id='line_1_23' title="bbox 62 2288 1204 2439; baseline -0.002 -21"><span class='ocrx_word' id='word_1_162' title='bbox 62 2354 212 2434; x_wconf 80' lang='lat' dir='ltr'>tractavi,</span> <span class='ocrx_word' id='word_1_163' title='bbox 235 2352 374 2417; x_wconf 89' lang='lat' dir='ltr'>verebar</span> <span class='ocrx_word' id='word_1_164' title='bbox 396 2352 539 2437; x_wconf 92' lang='lat' dir='ltr'>aliquam</span> <span class='ocrx_word' id='word_1_165' title='bbox 556 2288 715 2418; x_wconf 56' lang='lat' dir='ltr'>echesiae</span> <span class='ocrx_word' id='word_1_166' title='bbox 731 2353 898 2417; x_wconf 89' lang='lat' dir='ltr'>imminere</span> <span class='ocrx_word' id='word_1_167' title='bbox 914 2354 1185 2439; x_wconf 90' lang='lat' dir='ltr'>persecutionem,</span> <span class='ocrx_word' id='word_1_168' title='bbox 1200 2351 1204 2436; x_wconf 99' lang='grc' dir='ltr'>Ι</span> 
     </span>
     <span class='ocr_line' id='line_1_24' title="bbox 64 2438 931 2527; baseline -0.002 -22"><span class='ocrx_word' id='word_1_169' title='bbox 64 2460 149 2527; x_wconf 89' lang='lat' dir='ltr'>quae</span> <span class='ocrx_word' id='word_1_170' title='bbox 174 2439 290 2504; x_wconf 84' lang='lat' dir='ltr'>fideles</span> <span class='ocrx_word' id='word_1_171' title='bbox 312 2438 469 2524; x_wconf 88' lang='lat' dir='ltr'>quosdam</span> <span class='ocrx_word' id='word_1_172' title='bbox 493 2440 673 2504; x_wconf 86' lang='lat' dir='ltr'>attraheret</span> <span class='ocrx_word' id='word_1_173' title='bbox 695 2441 728 2504; x_wconf 93' lang='lat' dir='ltr'>in</span> <span class='ocrx_word' id='word_1_174' title='bbox 752 2459 905 2506; x_wconf 88' lang='lat' dir='ltr'>errorem.</span> <span class='ocrx_word' id='word_1_175' title='bbox 925 2440 931 2521; x_wconf 97' lang='grc' dir='ltr'>Ι</span> 
     </span>
    </p>

    <p class='ocr_par' dir='ltr' id='par_1_13' title="bbox 151 2524 628 2592">
     <span class='ocr_line' id='line_1_25' title="bbox 151 2524 628 2592; baseline 0.004 -3"><span class='ocrx_word' id='word_1_176' title='bbox 151 2524 291 2591; x_wconf 67' lang='lat' dir='ltr'>Errare.</span> <span class='ocrx_word' id='word_1_177' title='bbox 335 2524 525 2590; x_wconf 88' lang='lat' dir='ltr'>Verendum</span> <span class='ocrx_word' id='word_1_178' title='bbox 548 2533 628 2592; x_wconf 90' lang='lat' dir='ltr'>erat.</span> 
     </span>
    </p>
   </div>
   <div class='ocr_carea' id='block_1_3' title="bbox 149 2609 1248 2781">
    <p class='ocr_par' dir='ltr' id='par_1_14' title="bbox 149 2609 1248 2781">
     <span class='ocr_line' id='line_1_26' title="bbox 149 2609 1248 2781; baseline 0 -105"><span class='ocrx_word' id='word_1_179' title='bbox 149 2612 318 2676; x_wconf 70' lang='lat' dir='ltr'>Anausin.</span> <span class='ocrx_word' id='word_1_180' title='bbox 364 2609 459 2675; x_wconf 89' lang='lat' dir='ltr'>Unde</span> <span class='ocrx_word' id='word_1_181' title='bbox 473 2618 655 2781; x_wconf 81' lang='lat' dir='ltr'>prostratus</span> <span class='ocrx_word' id='word_1_182' title='bbox 676 2612 709 2675; x_wconf 90' lang='lat' dir='ltr'>in</span> <span class='ocrx_word' id='word_1_183' title='bbox 727 2612 906 2676; x_wconf 86' lang='lat' dir='ltr'>orationem</span> <span class='ocrx_word' id='word_1_184' title='bbox 922 2613 1203 2699; x_wconf 79' lang='lat' dir='ltr'>praecognitorem</span> <span class='ocrx_word' id='word_1_185' title='bbox 1221 2636 1248 2676; x_wconf 72' lang='lat' dir='ltr'>as</span> 
     </span>
    </p>
   </div>
   <div class='ocr_carea' id='block_1_4' title="bbox 13 2698 1279 3645">
    <p class='ocr_par' dir='ltr' id='par_1_15' title="bbox 61 2698 1279 2870">
     <span class='ocr_line' id='line_1_27' title="bbox 61 2698 1205 2783; baseline -0.003 -18"><span class='ocrx_word' id='word_1_186' title='bbox 61 2700 246 2765; x_wconf 80' lang='lat' dir='ltr'>futurorum</span> <span class='ocrx_word' id='word_1_187' title='bbox 270 2698 458 2783; x_wconf 89' lang='lat' dir='ltr'>supplicavi,</span> <span class='ocrx_word' id='word_1_188' title='bbox 491 2704 528 2761; x_wconf 89' lang='lat' dir='ltr'>ut</span> <span class='ocrx_word' id='word_1_189' title='bbox 549 2699 628 2763; x_wconf 91' lang='lat' dir='ltr'>mihi</span> <span class='ocrx_word' id='word_1_190' title='bbox 651 2698 824 2783; x_wconf 84' lang='lat' dir='ltr'>detegeret</span> <span class='ocrx_word' id='word_1_191' title='bbox 846 2698 1038 2763; x_wconf 91' lang='lat' dir='ltr'>solutionem</span> <span class='ocrx_word' id='word_1_192' title='bbox 1062 2698 1205 2782; x_wconf 72' lang='lat' dir='ltr'>somnii!</span> 
     </span>
     <span class='ocr_line' id='line_1_28' title="bbox 153 2783 1279 2870; baseline -0.003 -22"><span class='ocrx_word' id='word_1_193' title='bbox 153 2783 293 2849; x_wconf 76' lang='lat' dir='ltr'>Ennaeas.</span> <span class='ocrx_word' id='word_1_194' title='bbox 338 2784 442 2848; x_wconf 90' lang='lat' dir='ltr'>Recte</span> <span class='ocrx_word' id='word_1_195' title='bbox 466 2785 596 2870; x_wconf 70' lang='lat' dir='ltr'>egisti}</span> <span class='ocrx_word' id='word_1_196' title='bbox 1275 2798 1279 2807; x_wconf 88' lang='grc'><strong>’</strong></span> 
     </span>
    </p>

    <p class='ocr_par' dir='ltr' id='par_1_16' title="bbox 13 2868 1249 3315">
     <span class='ocr_line' id='line_1_29' title="bbox 13 2868 1208 2954; baseline -0.007 -14"><span class='ocrx_word' id='word_1_197' title='bbox 13 2880 34 2940; x_wconf 90' lang='lat'>0</span> <span class='ocrx_word' id='word_1_198' title='bbox 153 2871 321 2935; x_wconf 70' lang='lat' dir='ltr'>Aemula.</span> <span class='ocrx_word' id='word_1_199' title='bbox 367 2870 479 2935; x_wconf 84' lang='lat' dir='ltr'>Tertia</span> <span class='ocrx_word' id='word_1_200' title='bbox 502 2870 632 2935; x_wconf 91' lang='lat' dir='ltr'>demum</span> <span class='ocrx_word' id='word_1_201' title='bbox 654 2875 760 2951; x_wconf 88' lang='lat' dir='ltr'>nocte,</span> <span class='ocrx_word' id='word_1_202' title='bbox 784 2890 858 2933; x_wconf 91' lang='lat' dir='ltr'>cum</span> <span class='ocrx_word' id='word_1_203' title='bbox 873 2871 959 2933; x_wconf 88' lang='lat' dir='ltr'>lassa</span> <span class='ocrx_word' id='word_1_204' title='bbox 981 2868 1089 2954; x_wconf 90' lang='lat' dir='ltr'>sopori</span> <span class='ocrx_word' id='word_1_205' title='bbox 1104 2888 1208 2933; x_wconf 90' lang='lat' dir='ltr'>mem·</span> 
     </span>
     <span class='ocr_line' id='line_1_30' title="bbox 61 2955 1207 3042; baseline -0.004 -19"><span class='ocrx_word' id='word_1_206' title='bbox 61 2958 124 3023; x_wconf 90' lang='lat' dir='ltr'>bra</span> <span class='ocrx_word' id='word_1_207' title='bbox 155 2955 328 3035; x_wconf 89' lang='lat' dir='ltr'>dedissem,</span> <span class='ocrx_word' id='word_1_208' title='bbox 349 2961 354 3038; x_wconf 91' lang='grc' dir='ltr'>Ι</span> <span class='ocrx_word' id='word_1_209' title='bbox 374 2957 529 3042; x_wconf 86' lang='lat' dir='ltr'>putabam</span> <span class='ocrx_word' id='word_1_210' title='bbox 560 2957 699 3022; x_wconf 91' lang='lat' dir='ltr'>eundem</span> <span class='ocrx_word' id='word_1_211' title='bbox 730 2955 903 3020; x_wconf 88' lang='lat' dir='ltr'>draconem</span> <span class='ocrx_word' id='word_1_212' title='bbox 926 2957 932 3037; x_wconf 97' lang='grc' dir='ltr'>Ι</span> <span class='ocrx_word' id='word_1_213' title='bbox 956 2956 1037 3020; x_wconf 89' lang='lat' dir='ltr'>meis</span> <span class='ocrx_word' id='word_1_214' title='bbox 1062 2956 1207 3040; x_wconf 88' lang='lat' dir='ltr'>vestigiis</span> 
     </span>
     <span class='ocr_line' id='line_1_31' title="bbox 64 3041 1249 3144; baseline -0.004 -35"><span class='ocrx_word' id='word_1_215' title='bbox 64 3045 249 3144; x_wconf 74' lang='lat' dir='ltr'>disruptum</span> <span class='ocrx_word' id='word_1_216' title='bbox 272 3044 445 3124; x_wconf 83' lang='lat' dir='ltr'>volutasse,</span> <span class='ocrx_word' id='word_1_217' title='bbox 465 3050 471 3119; x_wconf 88' lang='grc' dir='ltr'>Ι</span> <span class='ocrx_word' id='word_1_218' title='bbox 489 3044 659 3130; x_wconf 91' lang='lat' dir='ltr'>ipsamque</span> <span class='ocrx_word' id='word_1_219' title='bbox 693 3044 875 3108; x_wconf 90' lang='lat' dir='ltr'>columbam</span> <span class='ocrx_word' id='word_1_220' title='bbox 907 3041 1031 3128; x_wconf 88' lang='lat' dir='ltr'>absque</span> <span class='ocrx_word' id='word_1_221' title='bbox 1061 3042 1205 3106; x_wconf 88' lang='lat' dir='ltr'>laesione</span> <span class='ocrx_word' id='word_1_222' title='bbox 1224 3064 1249 3104; x_wconf 78' lang='lat' dir='ltr'>ao</span> 
     </span>
     <span class='ocr_line' id='line_1_32' title="bbox 60 3126 1205 3315; baseline -0.003 -34"><span class='ocrx_word' id='word_1_223' title='bbox 60 3126 287 3282; x_wconf 47' lang='lat' dir='ltr'>meffabili</span> <span class='ocrx_word' id='word_1_224' title='bbox 317 3215 492 3279; x_wconf 86' lang='lat' dir='ltr'>Laetificor</span> <span class='ocrx_word' id='word_1_225' title='bbox 507 3213 628 3315; x_wconf 87' lang='lat' dir='ltr'>auditu,</span> <span class='ocrx_word' id='word_1_226' title='bbox 645 3235 707 3279; x_wconf 91' lang='lat' dir='ltr'>neo</span> <span class='ocrx_word' id='word_1_227' title='bbox 722 3214 864 3300; x_wconf 83' lang='lat' dir='ltr'>ambigo,</span> <span class='ocrx_word' id='word_1_228' title='bbox 881 3214 957 3299; x_wconf 93' lang='lat' dir='ltr'>quin</span> <span class='ocrx_word' id='word_1_229' title='bbox 972 3218 1028 3277; x_wconf 91' lang='lat' dir='ltr'>tua</span> <span class='ocrx_word' id='word_1_230' title='bbox 1042 3211 1046 3297; x_wconf 97' lang='grc' dir='ltr'>Ι</span> <span class='ocrx_word' id='word_1_231' title='bbox 1060 3212 1205 3298; x_wconf 89' lang='lat' dir='ltr'>quando·</span> 
     </span>
    </p>

    <p class='ocr_par' dir='ltr' id='par_1_17' title="bbox 15 3300 1248 3645">
     <span class='ocr_line' id='line_1_33' title="bbox 15 3300 1203 3473; baseline -0.003 -19"><span class='ocrx_word' id='word_1_232' title='bbox 15 3396 28 3454; x_wconf 89' lang='lat' dir='ltr'>l</span> <span class='ocrx_word' id='word_1_233' title='bbox 63 3322 130 3392; x_wconf 54' lang='lat' dir='ltr'>quo</span> <span class='ocrx_word' id='word_1_234' title='bbox 150 3300 721 3473; x_wconf 47' lang='lat' dir='ltr'>{babbiniverlt&#39;bblibubbbnbvi&#39;gilans</span> <span class='ocrx_word' id='word_1_235' title='bbox 748 3386 842 3450; x_wconf 92' lang='lat' dir='ltr'>huius</span> <span class='ocrx_word' id='word_1_236' title='bbox 865 3386 1022 3450; x_wconf 88' lang='lat' dir='ltr'>solamine</span> <span class='ocrx_word' id='word_1_237' title='bbox 1044 3386 1174 3451; x_wconf 89' lang='lat' dir='ltr'>visionis</span> <span class='ocrx_word' id='word_1_238' title='bbox 1199 3386 1203 3470; x_wconf 95' lang='grc' dir='ltr'>Ι</span> 
     </span>
     <span class='ocr_line' id='line_1_34' title="bbox 61 3472 1248 3562; baseline -0.002 -21"><span class='ocrx_word' id='word_1_239' title='bbox 61 3474 291 3562; x_wconf 89' lang='lat' dir='ltr'>temperabam</span> <span class='ocrx_word' id='word_1_240' title='bbox 320 3473 483 3538; x_wconf 85' lang='lat' dir='ltr'>tristitiam</span> <span class='ocrx_word' id='word_1_241' title='bbox 512 3474 637 3558; x_wconf 89' lang='lat' dir='ltr'>prioris,</span> <span class='ocrx_word' id='word_1_242' title='bbox 657 3479 662 3553; x_wconf 95' lang='grc' dir='ltr'>Ι</span> <span class='ocrx_word' id='word_1_243' title='bbox 681 3479 825 3536; x_wconf 89' lang='lat' dir='ltr'>mentem</span> <span class='ocrx_word' id='word_1_244' title='bbox 853 3472 977 3557; x_wconf 78' lang='lat' dir='ltr'>recepi,</span> <span class='ocrx_word' id='word_1_245' title='bbox 1008 3477 1045 3536; x_wconf 88' lang='lat' dir='ltr'>ut</span> <span class='ocrx_word' id='word_1_246' title='bbox 1073 3473 1203 3537; x_wconf 87' lang='lat' dir='ltr'>remini-</span> <span class='ocrx_word' id='word_1_247' title='bbox 1223 3500 1248 3539; x_wconf 79' lang='lat' dir='ltr'>rr</span> 
     </span>
     <span class='ocr_line' id='line_1_35' title="bbox 65 3557 1207 3645; baseline -0.004 -19"><span class='ocrx_word' id='word_1_248' title='bbox 65 3582 179 3626; x_wconf 88' lang='lat' dir='ltr'>scerer</span> <span class='ocrx_word' id='word_1_249' title='bbox 201 3562 369 3634; x_wconf 89' lang='lat' dir='ltr'>alumnae;</span> <span class='ocrx_word' id='word_1_250' title='bbox 392 3559 471 3624; x_wconf 92' lang='lat' dir='ltr'>illud</span> <span class='ocrx_word' id='word_1_251' title='bbox 494 3580 623 3645; x_wconf 90' lang='lat' dir='ltr'>quoque</span> <span class='ocrx_word' id='word_1_252' title='bbox 647 3560 674 3623; x_wconf 94' lang='lat' dir='ltr'>si</span> <span class='ocrx_word' id='word_1_253' title='bbox 697 3560 765 3623; x_wconf 89' lang='lat' dir='ltr'>sine</span> <span class='ocrx_word' id='word_1_254' title='bbox 789 3559 918 3623; x_wconf 87' lang='lat' dir='ltr'>tristitia</span> <span class='ocrx_word' id='word_1_255' title='bbox 933 3559 1075 3639; x_wconf 89' lang='lat' dir='ltr'>memini,</span> <span class='ocrx_word' id='word_1_256' title='bbox 1095 3559 1101 3640; x_wconf 98' lang='grc' dir='ltr'>Ι</span> <span class='ocrx_word' id='word_1_257' title='bbox 1120 3557 1207 3644; x_wconf 93' lang='lat' dir='ltr'>quod</span> 
     </span>
    </p>
   </div>
   <div class='ocr_carea' id='block_1_5' title="bbox 61 3729 1206 4010">
    <p class='ocr_par' dir='ltr' id='par_1_18' title="bbox 61 3729 1206 4010">
     <span class='ocr_line' id='line_1_36' title="bbox 152 3729 1206 3799; baseline 0 -14"><span class='ocrx_word' id='word_1_258' title='bbox 152 3733 164 3784; x_wconf 92' lang='lat' dir='ltr'>l</span> <span class='ocrx_word' id='word_1_259' title='bbox 184 3733 256 3785; x_wconf 88' lang='lat' dir='ltr'>hisce</span> <span class='ocrx_word' id='word_1_260' title='bbox 274 3733 394 3784; x_wconf 85' lang='lat' dir='ltr'>lamentis</span> <span class='ocrx_word' id='word_1_261' title='bbox 406 3732 532 3799; x_wconf 67' lang='lat' dir='ltr'>steyap:</span> <span class='ocrx_word' id='word_1_262' title='bbox 549 3733 591 3783; x_wconf 88' lang='lat' dir='ltr'>his</span> <span class='ocrx_word' id='word_1_263' title='bbox 607 3732 758 3784; x_wconf 75' lang='lat' dir='ltr'>colementis</span> <span class='ocrx_word' id='word_1_264' title='bbox 770 3731 804 3782; x_wconf 79' lang='lat' dir='ltr'>d!</span> <span class='ocrx_word' id='word_1_265' title='bbox 870 3729 903 3782; x_wconf 79' lang='lat'>12</span> <span class='ocrx_word' id='word_1_266' title='bbox 921 3737 1007 3783; x_wconf 82' lang='lat' dir='ltr'>menta</span> <span class='ocrx_word' id='word_1_267' title='bbox 1019 3738 1206 3785; x_wconf 77' lang='lat' dir='ltr'>consternatus.</span> 
     </span>
     <span class='ocr_line' id='line_1_37' title="bbox 61 3798 1204 3869; baseline -0.003 -13"><span class='ocrx_word' id='word_1_268' title='bbox 61 3811 148 3856; x_wconf 83' lang='lat' dir='ltr'>menta</span> <span class='ocrx_word' id='word_1_269' title='bbox 166 3802 199 3853; x_wconf 74' lang='grc' dir='ltr'><em>Μ</em></span> <span class='ocrx_word' id='word_1_270' title='bbox 305 3799 338 3852; x_wconf 87' lang='grc'>13</span> <span class='ocrx_word' id='word_1_271' title='bbox 360 3817 423 3865; x_wconf 83' lang='lat' dir='ltr'>qua,</span> <span class='ocrx_word' id='word_1_272' title='bbox 448 3803 470 3853; x_wconf 90' lang='lat' dir='ltr'>si</span> <span class='ocrx_word' id='word_1_273' title='bbox 487 3801 615 3869; x_wconf 66' lang='lat' dir='ltr'>fibeytaq:</span> <span class='ocrx_word' id='word_1_274' title='bbox 634 3804 710 3868; x_wconf 82' lang='lat' dir='ltr'>quasi</span> <span class='ocrx_word' id='word_1_275' title='bbox 728 3801 762 3852; x_wconf 81' lang='grc'>11</span> <span class='ocrx_word' id='word_1_276' title='bbox 864 3798 897 3852; x_wconf 87' lang='grc'>16</span> <span class='ocrx_word' id='word_1_277' title='bbox 919 3802 988 3852; x_wconf 80' lang='lat' dir='ltr'>foras</span> <span class='ocrx_word' id='word_1_278' title='bbox 1005 3800 1034 3850; x_wconf 80' lang='lat' dir='ltr'>in</span> <span class='ocrx_word' id='word_1_279' title='bbox 1052 3802 1120 3853; x_wconf 81' lang='lat' dir='ltr'>sores</span> <span class='ocrx_word' id='word_1_280' title='bbox 1137 3817 1204 3853; x_wconf 80' lang='lat' dir='ltr'>corr.</span> 
     </span>
     <span class='ocr_line' id='line_1_38' title="bbox 61 3866 1206 3937; baseline -0.002 -13"><span class='ocrx_word' id='word_1_281' title='bbox 61 3870 330 3935; x_wconf 63' lang='lat' dir='ltr'>m1M5soreasp¹</span> <span class='ocrx_word' id='word_1_282' title='bbox 404 3869 438 3921; x_wconf 79' lang='grc'>21</span> <span class='ocrx_word' id='word_1_283' title='bbox 456 3872 620 3937; x_wconf 84' lang='lat' dir='ltr'>experiacens</span> <span class='ocrx_word' id='word_1_284' title='bbox 637 3870 669 3920; x_wconf 75' lang='lat' dir='ltr'><em>M</em></span> <span class='ocrx_word' id='word_1_285' title='bbox 743 3868 777 3923; x_wconf 78' lang='lat'>25</span> <span class='ocrx_word' id='word_1_286' title='bbox 795 3870 967 3936; x_wconf 58' lang='lat' dir='ltr'>praecognitori</span> <span class='ocrx_word' id='word_1_287' title='bbox 986 3868 1029 3918; x_wconf 77' lang='lat' dir='ltr'>M·</span> <span class='ocrx_word' id='word_1_288' title='bbox 1103 3866 1138 3921; x_wconf 79' lang='lat'>30</span> <span class='ocrx_word' id='word_1_289' title='bbox 1155 3870 1206 3922; x_wconf 83' lang='lat' dir='ltr'>dis·</span> 
     </span>
     <span class='ocr_line' id='line_1_39' title="bbox 62 3937 554 4010; baseline -0.006 -17"><span class='ocrx_word' id='word_1_290' title='bbox 62 3949 166 4010; x_wconf 84' lang='lat' dir='ltr'>rdptum</span> <span class='ocrx_word' id='word_1_291' title='bbox 184 3940 217 3991; x_wconf 76' lang='lat' dir='ltr'><em>M</em></span> <span class='ocrx_word' id='word_1_292' title='bbox 304 3937 338 3991; x_wconf 83' lang='lat'>35</span> <span class='ocrx_word' id='word_1_293' title='bbox 355 3940 504 3992; x_wconf 84' lang='lat' dir='ltr'>reminiscar</span> <span class='ocrx_word' id='word_1_294' title='bbox 521 3939 554 3990; x_wconf 82' lang='lat' dir='ltr'><em>M</em></span> 
     </span>
    </p>
   </div>
   <div class='ocr_carea' id='block_1_6' title="bbox 59 4073 1205 4357">
    <p class='ocr_par' dir='ltr' id='par_1_19' title="bbox 59 4073 1205 4357">
     <span class='ocr_line' id='line_1_40' title="bbox 149 4073 1204 4148; baseline -0.006 -15"><span class='ocrx_word' id='word_1_295' title='bbox 149 4081 162 4133; x_wconf 89' lang='lat'>1</span> <span class='ocrx_word' id='word_1_296' title='bbox 182 4082 217 4148; x_wconf 78' lang='lat' dir='ltr'>cs.</span> <span class='ocrx_word' id='word_1_297' title='bbox 244 4077 359 4142; x_wconf 79' lang='lat' dir='ltr'>Tbcopb.</span> <span class='ocrx_word' id='word_1_298' title='bbox 367 4080 428 4130; x_wconf 72' lang='grc'>441.</span> <span class='ocrx_word' id='word_1_299' title='bbox 533 4075 550 4129; x_wconf 81' lang='lat'>8</span> <span class='ocrx_word' id='word_1_300' title='bbox 574 4078 608 4142; x_wconf 73' lang='lat' dir='ltr'>cs.</span> <span class='ocrx_word' id='word_1_301' title='bbox 632 4074 829 4139; x_wconf 78' lang='lat' dir='ltr'>Gall.11§8.</span> <span class='ocrx_word' id='word_1_302' title='bbox 934 4073 1000 4127; x_wconf 81' lang='lat' dir='ltr'>9dc</span> <span class='ocrx_word' id='word_1_303' title='bbox 1018 4074 1151 4127; x_wconf 77' lang='lat' dir='ltr'>obitterare</span> <span class='ocrx_word' id='word_1_304' title='bbox 1169 4077 1204 4143; x_wconf 80' lang='lat' dir='ltr'>es.</span> 
     </span>
     <span class='ocr_line' id='line_1_41' title="bbox 60 4144 1205 4214; baseline -0.004 -11"><span class='ocrx_word' id='word_1_305' title='bbox 60 4148 245 4203; x_wconf 60' lang='lat' dir='ltr'>Bmdmnll</span> <span class='ocrx_word' id='word_1_306' title='bbox 257 4146 360 4213; x_wconf 77' lang='lat' dir='ltr'>p.2d¹⁰.</span> <span class='ocrx_word' id='word_1_307' title='bbox 464 4144 497 4197; x_wconf 85' lang='lat'>13</span> <span class='ocrx_word' id='word_1_308' title='bbox 514 4148 549 4214; x_wconf 82' lang='lat' dir='ltr'>cf.</span> <span class='ocrx_word' id='word_1_309' title='bbox 566 4146 639 4213; x_wconf 76' lang='lat' dir='ltr'>Verq.</span> <span class='ocrx_word' id='word_1_310' title='bbox 658 4147 779 4210; x_wconf 80' lang='lat' dir='ltr'>ecl.1,16</span> <span class='ocrx_word' id='word_1_311' title='bbox 795 4161 872 4212; x_wconf 86' lang='lat' dir='ltr'>saepe</span> <span class='ocrx_word' id='word_1_312' title='bbox 889 4144 986 4196; x_wconf 74' lang='lat' dir='ltr'>malum</span> <span class='ocrx_word' id='word_1_313' title='bbox 1003 4144 1054 4197; x_wconf 90' lang='lat' dir='ltr'>hoo</span> <span class='ocrx_word' id='word_1_314' title='bbox 1071 4145 1158 4209; x_wconf 82' lang='lat' dir='ltr'>nobis,</span> <span class='ocrx_word' id='word_1_315' title='bbox 1182 4146 1205 4198; x_wconf 81' lang='lat' dir='ltr'>ai</span> 
     </span>
     <span class='ocr_line' id='line_1_42' title="bbox 59 4213 1205 4282; baseline -0.008 -8"><span class='ocrx_word' id='word_1_316' title='bbox 59 4238 129 4273; x_wconf 84' lang='lat' dir='ltr'>mens</span> <span class='ocrx_word' id='word_1_317' title='bbox 142 4238 197 4273; x_wconf 87' lang='lat' dir='ltr'>non</span> <span class='ocrx_word' id='word_1_318' title='bbox 216 4219 293 4270; x_wconf 77' lang='lat' dir='ltr'>laeva</span> <span class='ocrx_word' id='word_1_319' title='bbox 305 4217 404 4280; x_wconf 80' lang='lat' dir='ltr'>fuisset,</span> <span class='ocrx_word' id='word_1_320' title='bbox 423 4216 454 4266; x_wconf 88' lang='lat' dir='ltr'>de</span> <span class='ocrx_word' id='word_1_321' title='bbox 469 4217 540 4267; x_wconf 87' lang='lat' dir='ltr'>caelo</span> <span class='ocrx_word' id='word_1_322' title='bbox 558 4223 641 4267; x_wconf 85' lang='lat' dir='ltr'>tactas</span> <span class='ocrx_word' id='word_1_323' title='bbox 652 4216 757 4266; x_wconf 90' lang='lat' dir='ltr'>memini</span> <span class='ocrx_word' id='word_1_324' title='bbox 774 4215 921 4282; x_wconf 75' lang='lat' dir='ltr'>praedicem</span> <span class='ocrx_word' id='word_1_325' title='bbox 934 4230 1052 4278; x_wconf 87' lang='lat' dir='ltr'>quercus.</span> <span class='ocrx_word' id='word_1_326' title='bbox 1124 4213 1157 4267; x_wconf 88' lang='grc'>19</span> <span class='ocrx_word' id='word_1_327' title='bbox 1169 4216 1205 4282; x_wconf 80' lang='lat' dir='ltr'>cf.</span> 
     </span>
     <span class='ocr_line' id='line_1_43' title="bbox 61 4282 1205 4357; baseline -0.004 -16"><span class='ocrx_word' id='word_1_328' title='bbox 61 4290 166 4357; x_wconf 63' lang='lat' dir='ltr'>Pascua</span> <span class='ocrx_word' id='word_1_329' title='bbox 184 4289 236 4352; x_wconf 58' lang='lat' dir='ltr'>§a</span> <span class='ocrx_word' id='word_1_330' title='bbox 309 4282 344 4337; x_wconf 79' lang='lat'>30</span> <span class='ocrx_word' id='word_1_331' title='bbox 361 4286 395 4352; x_wconf 74' lang='lat' dir='ltr'>cf.</span> <span class='ocrx_word' id='word_1_332' title='bbox 414 4284 500 4337; x_wconf 82' lang='lat' dir='ltr'>Prud.</span> <span class='ocrx_word' id='word_1_333' title='bbox 519 4284 687 4351; x_wconf 76' lang='lat' dir='ltr'>rtepb.3,161</span> <span class='ocrx_word' id='word_1_334' title='bbox 706 4285 800 4337; x_wconf 86' lang='lat' dir='ltr'>emicat</span> <span class='ocrx_word' id='word_1_335' title='bbox 817 4285 876 4336; x_wconf 88' lang='lat' dir='ltr'>inde</span> <span class='ocrx_word' id='word_1_336' title='bbox 893 4283 1015 4336; x_wconf 77' lang='lat' dir='ltr'>columba</span> <span class='ocrx_word' id='word_1_337' title='bbox 1032 4300 1124 4351; x_wconf 82' lang='lat' dir='ltr'>repens</span> <span class='ocrx_word' id='word_1_338' title='bbox 1142 4283 1170 4348; x_wconf 72' lang='grc'>6.</span> <span class='ocrx_word' id='word_1_339' title='bbox 1183 4300 1205 4336; x_wconf 83' lang='lat' dir='ltr'>e.</span> 
     </span>
    </p>
   </div>
   <div class='ocr_carea' id='block_1_7' title="bbox 57 4353 279 4425">
    <p class='ocr_par' dir='ltr' id='par_1_20' title="bbox 57 4353 279 4425">
     <span class='ocr_line' id='line_1_44' title="bbox 57 4353 279 4425; baseline -0.018 -12"><span class='ocrx_word' id='word_1_340' title='bbox 57 4362 138 4413; x_wconf 70' lang='lat' dir='ltr'>croht</span> <span class='ocrx_word' id='word_1_341' title='bbox 157 4377 171 4413; x_wconf 85' lang='lat' dir='ltr'>c</span> <span class='ocrx_word' id='word_1_342' title='bbox 191 4353 279 4425; x_wconf 69' lang='lat' dir='ltr'>rope).</span> 
     </span>
    </p>
   </div>
   <div class='ocr_carea' id='block_1_8' title="bbox 0 0 1460 5024">
    <p class='ocr_par' dir='ltr' id='par_1_21' title="bbox 0 0 1460 5024">
     <span class='ocr_line' id='line_1_45' title="bbox 0 0 1460 5024; baseline 0 2"><span class='ocrx_word' id='word_1_343' title='bbox 0 0 1460 5024; x_wconf 95' lang='lat' dir='ltr'> </span> 
     </span>
    </p>
   </div>
  </div>
 </body>
</html>
