2962 5506
173 142 189 189 6
519 131 777 184 illm'ssi'l'l'lmi]
799 133 930 185 oraim.

156 331 181 370 so
267 303 337 368 Nec
360 303 460 367 audet
482 301 604 365 nudare
628 322 745 364 novum
770 303 873 365 cordis
899 307 1084 367 cruciatum.

268 389 415 454 Tandem
437 408 578 473 namque
602 407 733 470 magum
758 409 917 473 quaerens
942 393 1110 456 invenerat
1137 416 1241 456 unum.

267 476 437 542 Secretum
461 475 512 538 cui
535 473 685 538 tristitiae
708 477 899 539 monstravit
920 497 1063 559 amarae,

264 563 462 628 Promittere
484 560 531 625 illi
552 580 618 624 non
639 561 731 645 parvi
754 560 839 625 dona
860 563 980 645 lucelli,
1290 576 1461 653 fet

266 650 301 714 si
324 658 470 713 teneram
493 647 593 749 prolis
615 652 759 711 mentem
781 649 904 735 proprii
926 650 1063 715 senioris

267 735 345 800 Eius
368 734 475 799 servili
497 754 561 798 ram
584 752 644 797 con
669 733 839 799 lutinasset
861 737 973 800 amori.

264 822 325 886 Cui
348 842 425 886 mox
446 840 618 907 perversus
690 819 763 885 udis
786 820 917 886 dicebat
939 822 1075 888 amicus:

264 907 359 973 ‘Nam
382 908 497 989 fateor,
521 913 632 971 tantae
655 926 719 971 non
741 928 795 972 me
817 906 1003 973 vahtudinia
1025 928 1111 989 esee,

265 994 310 1058 Ut
332 1014 426 1059 servo
448 994 600 1079 propriae
623 994 754 1077 iungam
778 996 939 1059 consortia
962 994 1122 1065 domnae:

267 1079 344 1159 Sed,
368 1081 395 1145 si
417 1080 478 1144 rite
502 1100 576 1144 meo
598 1081 720 1164 satagis
742 1100 859 1166 parere
881 1082 1049 1167 magistro,

268 1166 331 1241 Qui
353 1167 504 1253 princeps
528 1173 733 1230 aeternarum
756 1173 882 1231 constat
904 1168 1125 1251 tenebrarum,

265 1254 341 1340 Ipse
363 1259 474 1339 potest
496 1259 585 1317 certa
608 1253 771 1338 complere
795 1260 885 1318 tuum
907 1255 970 1319 cito
993 1254 1091 1337 velle,

266 1341 301 1406 Si
343 1347 395 1405 ost
416 1339 500 1404 haec
523 1338 641 1403 Christi
662 1359 781 1404 nomen
803 1360 868 1404 non
891 1341 940 1405 ris
960 1340 1136 1407 venerar‘a'

337 1428 370 1491 ui
392 1426 478 1491 male
502 1432 655 1490 caecatus
678 1424 830 1491 bachanti
852 1425 951 1492 corde
974 1427 1122 1494 misellus

266 1514 309 1578 Se
332 1533 563 1578 consensurum
586 1513 715 1577 monitis
737 1512 932 1596 promiserat
952 1513 1033 1579 istis.

264 1601 355 1665 Tunc
377 1620 491 1685 magus
514 1600 576 1664 ista
598 1618 655 1662 suo
678 1598 810 1663 mandat
833 1598 1003 1664 scribendo
1025 1598 1201 1685 magistro:

264 1687 433 1772 ‘Princeps
455 1685 583 1766 inferni,
606 1691 760 1770 regnator
781 1705 901 1771 magne
923 1684 1087 1772 profundi,

265 1772 434 1838 Conderet
457 1792 537 1858 ergo
561 1777 633 1836 tuos
656 1791 786 1858 semper
806 1778 967 1858 temptare
989 1772 1164 1851 ministros,

267 1861 303 1926 si
325 1860 450 1945 possint
472 1859 598 1944 aliquos
621 1857 718 1923 fontis
739 1858 936 1943 baptismate
958 1860 1044 1924 lotos

267 1948 444 2031 Assignare
468 1943 537 2015 tibi,
560 1944 742 2009 subtractos
765 1943 807 2008 de
830 1965 933 2031 grege
955 1944 1087 2027 Christi,

156 2062 183 2100 co
267 2032 323 2113 Ut,
347 2052 431 2118 quae
455 2040 488 2095 te
511 2032 666 2117 seqnitur,
688 2051 821 2118 semper
840 2052 917 2117 pars
937 2031 1181 2118 multiplicetur.

157 2147 183 2187 sc
267 2119 353 2183 Hinc
376 2118 436 2182 tihi
459 2138 598 2203 namque
621 2118 725 2182 virum
746 2117 820 2183 misi
841 2117 988 2203 gaudem
1010 2118 1090 2183 satis
1110 2119 1218 2199 istum,

157 2233 182 2273 a
267 2205 346 2270 Eius
369 2205 655 2290 propositumque
679 2225 757 2269 mox
778 2204 972 2292 complendo
993 2210 1159 2273 secretum

157 2320 182 2360 cr
268 2293 283 2356 1
309 2312 379 2355 sum
403 2290 593 2375 discipulum
617 2289 717 2356 facias
740 2292 799 2357 tibi
819 2292 882 2357 rite
903 2290 1070 2357 futurum.²

157 2407 183 2446 cr
346 2398 363 2441 c
385 2377 431 2441 ita
451 2377 665 2463 perscriptam
687 2378 806 2443 misero
829 2377 967 2445 dederat
988 2396 1120 2466 quoque
1142 2384 1430 2449 cartam-r

157 2492 183 2532 cc
268 2462 364 2539 Quod
386 2485 463 2529 mox
477 2470 690 2549 praeceptum
708 2464 830 2548 (miser)
847 2467 1049 2552 amplectens
1064 2464 1152 2531 male
1166 2484 1448 2543 snas-m

156 2579 182 2619 cr
266 2549 422 2617 Gaudere
443 2549 611 2632 tendebat,
635 2571 699 2637 quo
722 2571 757 2616 se
781 2572 895 2637 magus
916 2553 964 2618 ire
985 2552 1133 2634 iubebat,

157 2665 183 2705 cr
268 2637 375 2723 Supra
396 2637 526 2723 gentilis
548 2639 707 2702 tumulum
730 2637 789 2703 sub
812 2644 961 2724 tempore
982 2640 1087 2705 noctis

244 2794 280 2848 42
303 2796 407 2859 iusticie
431 2795 466 2846 Μ
470 2815 478 2847 .·
500 2812 568 2848 σοι-ν.
591 2794 699 2846 Barata
720 2791 876 2857 (maestitiae
901 2793 994 2861 atas)
1104 2792 1143 2849 44
1163 2804 1242 2851 mm
1388 2798 1420 2855 1

159 2866 192 2919 51
212 2867 280 2918 uelle
298 2867 349 2919 cito
367 2865 400 2917 Μ
484 2864 519 2919 55
536 2865 671 2917 scribendo
689 2864 725 2915 ric
742 2862 776 2913 Μ
850 2860 884 2915 57
902 2864 1032 2917 Οοηοαὶοί
1049 2864 1103 2931 11¹,
1118 2864 1235 2919 006ωῶ
1279 2862 1409 2919 -ἐῖ

157 2934 300 3001 (tamquam
318 2936 438 2987 dicholm
455 2934 502 2986 hoc
519 2933 596 2999 nolit)
613 2950 671 2985 cum
688 2931 862 3000 spendescere
881 2934 983 2985 com
998 2932 1047 3001 (ef.
1064 2932 1155 3004 Ρσὶῳ
1164 2936 1222 2988 210.
1231 2936 1399 3003 Dat)

157 3004 264 3070 edoce„
281 3013 310 3054 ut
326 3005 358 3057 dc
375 3003 470 3056 codicis
488 3003 519 3053 Μ
536 3004 642 3055 laetiora
659 3002 764 3055 candem
781 3010 884 3066 ceamt,
902 3010 967 3054 totos
982 3002 1117 3057 mute:

227 3073 269 3125 60.
288 3075 323 3125 Ut
340 3089 391 3138 quc
408 3081 435 3125 ta
453 3073 571 3138 sequitur
588 3088 689 3139 semper
706 3088 767 3139 pare
784 3071 971 3138 multiplicetur

227 3142 271 3193 61.
290 3145 377 3207 ipsum
394 3141 552 3208 discipulum
570 3143 651 3193 facias
668 3141 717 3193 tibi
738 3142 787 3194 rita
805 3143 922 3193 futurum

228 3209 270 3262 62.
288 3212 364 3262 Hanc
382 3211 418 3261 ita
435 3210 602 3276 perscriptam
620 3210 714 3263 misero
732 3211 837 3263 dederat
854 3225 958 3277 quoque
974 3216 1076 3263 aemam

226 3276 269 3330 63.
288 3280 356 3330 Hinc
373 3280 421 3329 tibi
437 3294 551 3345 namque
569 3281 654 3332 virum
672 3280 731 3331 miri
747 3280 866 3347 gaudens
883 3280 947 3331 satia
964 3278 1044 3332 hrum

227 3346 269 3399 64.
287 3348 351 3399 Eius
367 3349 526 3415 propositum
544 3366 596 3414 que
614 3365 673 3400 mox
691 3350 842 3416 complendo
859 3355 988 3401 moretum

229 3416 271 3469 65.
290 3417 374 3483 Supra
390 3417 495 3483 gentilis
512 3418 642 3470 tumulum
658 3420 709 3470 rub
727 3426 840 3487 tempore
858 3418 940 3471 nocti·

229 3484 271 3539 66.
289 3487 365 3549 Quod
381 3503 442 3537 mcx
459 3496 607 3554 prereptum
625 3489 784 3556 amplectens
801 3487 870 3540 male
887 3502 995 3540 sumum
1011 3482 1094 3551 (aum
1109 3485 1141 3539 in
1150 3482 1214 3549 m)

225 3569 268 3624 67.
286 3572 314 3624 si
331 3552 421 3639 cipiaa
438 3572 509 3624 licito
526 3573 657 3625 Christum
675 3574 748 3640 prius
765 3589 809 3624 ore
827 3580 922 3640 negato
1188 3566 1288 3635 foi-5?
1298 3562 1324 3595 ⁸

157 3650 297 3707 aeqaurmcr
313 3658 401 3693 verm
412 3643 519 3693 (ra-88
537 3637 596 3703 (sol.
608 3646 657 3695 58¹
674 3652 753 3695 rotam
769 3660 803 3694 aa.
817 3648 831 3693 1
847 3639 1011 3707 necmpmm)

228 3707 272 3762 89.
289 3711 404 3763 Reddere
421 3726 573 3762 conversum
592 3712 707 3765 mihimet
726 3727 773 3764 nec
791 3719 848 3779 post
864 3711 950 3763 scelus
967 3710 1052 3763 ulium

227 3794 269 3848 90.
287 3778 449 3863 Qdapropter
466 3798 563 3849 domini
581 3806 642 3849 nate
660 3794 715 3860 (ua·
732 3798 778 3857 aa.)
795 3796 973 3864 complexibus
990 3796 1031 3849 uti

225 3864 267 3917 91.
285 3866 495 3932 christicolisque
512 3867 603 3918 datum
621 3867 716 3919 Christi
734 3867 861 3934 baptisma
878 3874 1007 3917 moratum
1025 3880 1096 3931 affl
1179 3858 1298 3933 [01.Μῖ

155 3934 515 4057 &repleamini-mam
535 3937 701 3988 restituerant
722 3934 803 3988 Oetae
823 3945 847 3989 et
862 3934 978 3999 Barcae,
999 3952 1022 3987 υ.
1032 3936 1068 3987 66
1085 3948 1131 4001 opo
1147 3938 1292 3999 W

243 4124 276 4177 hl
295 4126 329 4191 cs.
349 4125 412 4178 Bne.
426 4128 468 4177 84.
556 4122 590 4177 53
608 4126 642 4191 cs.
667 4123 783 4190 Tlreoph.
797 4127 850 4177 187.
