2910 5024
446 348 487 402 111
505 350 529 403 1.
547 352 623 418 qesta
645 347 762 401 Ottonis:
779 348 889 415 prologi.

206 522 314 588 (lausa
336 522 395 587 sed
418 528 467 587 est
489 521 597 607 operis
620 526 743 584 tantum
767 520 896 585 devotio
921 521 1047 603 mentis,

206 609 300 675 Haec
325 616 358 673 et
381 607 424 673 ad
446 607 632 672 audendum
655 606 815 671 suadebat
838 627 919 692 opus
941 607 1161 672 metuendum.

204 695 290 760 Nam
313 702 365 760 sat
387 694 535 776 formido,
560 692 647 779 quod
670 699 764 778 gesta
787 695 833 757 tui
855 692 1052 757 modulando

204 782 342 847 Incaute
365 782 423 845 sim
447 781 530 845 salsa
552 800 701 864 sequens,
724 801 789 843 non
811 800 890 844 vera
912 786 1082 844 retexens:

204 867 273 933 Sed
286 889 352 933 non
367 867 430 932 hoo
446 868 546 931 suasit
561 867 647 930 mala
661 867 722 931 mis
737 867 957 952 praesumptio
972 869 1099 948 mentis,
1193 884 1237 934 (ro)

204 954 276 1021 Neo
299 954 516 1019 summoveri
539 959 725 1038 contempta
748 959 864 1038 sponte
888 952 990 1016 fefelli
998 977 1005 1027 ;

206 1041 275 1106 sed
296 1062 359 1122 ros,
382 1047 419 1105 ut
440 1040 564 1122 scripsi,
587 1060 659 1103 sese
682 1040 728 1102 sio
750 1059 881 1125 prorsus
905 1038 1037 1121 habere,

205 1128 223 1192 I
246 1129 274 1192 si
297 1127 459 1207 dicebant,
483 1127 562 1190 mihi
586 1128 640 1210 qui
663 1125 834 1189 scribenda
856 1125 1014 1191 ferebant.

240 1216 292 1279 inc
316 1213 493 1298 augustalis
515 1214 621 1298 pietas
642 1233 707 1275 non
730 1219 862 1297 spernat
883 1212 1025 1291 honoris,

204 1299 302 1374 Quod
325 1301 463 1386 supplex
486 1298 616 1362 humilis
638 1298 740 1383 gessit
762 1298 893 1362 devotio
917 1300 1047 1373 mentis;
1192 1309 1239 1364 (su
1255 1310 1303 1377 fot.
1316 1312 1385 1362 132v

204 1386 258 1468 nt,
282 1407 356 1451 curn
378 1393 412 1450 te
435 1385 510 1449 libri
531 1383 703 1448 laudantes
728 1405 870 1469 congrue
893 1386 985 1448 multi

206 1472 287 1538 Post
309 1473 392 1537 haec
414 1471 595 1536 scribantur
616 1472 798 1555 meritoque
821 1472 951 1556 placore
974 1471 1165 1557 probentur:

208 1558 330 1624 Ordine
353 1566 533 1645 postremus
556 1559 684 1621 nonsit
707 1563 815 1621 tamen
838 1558 899 1620 iste
922 1558 1061 1639 libellus,

207 1643 313 1718 Quem
338 1646 426 1730 prius
449 1645 601 1728 exemplo
626 1650 751 1707 constat
773 1643 926 1729 scriptum
950 1644 1019 1708 fore
1043 1645 1144 1713 nullo:

202 1731 256 1814 Et,
280 1733 358 1796 licet
379 1731 507 1816 imperii
528 1737 642 1794 teneas
665 1729 764 1794 decus
787 1728 968 1811 Octaviani,
1194 1742 1238 1793 (³0)

206 1818 280 1882 Non
304 1817 490 1902 dedigneris
514 1817 646 1880 vocitari
669 1816 798 1879 nomine
822 1817 920 1900 regis,

206 1904 322 1969 Donec
344 1905 522 1990 perscripto
546 1904 633 1966 vitae
655 1903 775 1986 regalis
798 1902 932 1983 honore,
961 1952 964 1959 .

208 1990 329 2055 Ordine
354 1989 480 2074 digesto
504 2009 629 2053 necnon
653 2009 801 2053 sermons
825 1987 944 2053 decoro

207 2077 343 2142 Dicetur
365 2077 483 2161 sceptri
507 2075 606 2139 decus
629 2076 796 2160 imperiale
819 2074 962 2140 secundi.

514 2302 823 2311 ...-—-—

252 2505 358 2586 Oddo,
380 2505 520 2568 Romani
543 2469 751 2591 praefulgens
774 2506 938 2590 gemmula
960 2507 1062 2589 regni,
1193 2519 1240 2572 (aa)

207 2592 354 2658 Oddonis
377 2593 435 2654 flos
458 2594 587 2676 augusti
610 2591 784 2677 splendens
807 2591 994 2674 venerandi,

207 2679 268 2744 Oui
290 2700 349 2743 rex
373 2678 577 2759 altithronus,
601 2700 720 2764 perpes
744 2699 872 2764 quoque
896 2679 1081 2758 filiuseius,

205 2765 374 2830 Praestitit
395 2766 566 2850 imperium
590 2767 716 2851 pollens
738 2767 771 2829 in
794 2767 915 2829 vertice
939 2785 1063 2828 rerum:

203 2851 315 2916 Vilem
341 2872 381 2915 ne
406 2873 540 2937 spernas
562 2853 633 2915 vilis
657 2858 782 2915 textum
805 2853 964 2933 monialis,
1147 2864 1183 2915 (so
1196 2864 1237 2915 ae)

207 2937 314 3011 Quem
337 2939 548 3023 praesentari,
571 2939 598 3001 si
622 2938 763 3022 digneris
785 2939 957 3018 reminisci,

204 3025 223 3089 1
246 3045 282 3089 se
304 3025 351 3088 tui
374 3025 468 3089 claris
491 3025 611 3088 iussisti
632 3045 736 3110 nuper
759 3026 882 3099 ocellis3

238 3120 252 3176 t
274 3132 347 3175 cum
371 3112 548 3196 perspicias
571 3112 705 3175 maculis
728 3111 917 3175 sordescere
940 3109 1071 3187 crebris,

205 3197 262 3263 Ad
284 3199 425 3263 celerem
449 3205 539 3261 tanto
562 3198 691 3261 veniam
713 3218 791 3262 mox
814 3197 945 3283 pronior
969 3203 1050 3276 esto,

202 3284 243 3349 In
265 3283 475 3348 monstrando
500 3286 562 3348 tuis
586 3293 740 3369 quantum
765 3285 837 3370 plus
860 3303 959 3369 pareo
983 3283 1091 3347 iussis:
1194 3293 1237 3345 (⁴⁵)

207 3370 245 3435 si
267 3372 308 3434 tis
330 3377 506 3456 praecepto
530 3391 594 3434 non
616 3392 752 3455 urgerer
774 3370 960 3451 metuendo,

205 3456 282 3522 Non
305 3459 390 3521 foret
412 3457 576 3521 ullomodo
600 3458 747 3521 mihimet
769 3457 886 3521 fiducia
909 3462 1008 3533 tanta,

205 3543 254 3608 Ut
276 3543 335 3609 tibi
359 3545 539 3629 praesentis
562 3544 769 3608 scrutandum
792 3543 977 3607 rusticitatis

207 3629 376 3696 Auderem
399 3632 478 3695 satis
501 3631 656 3715 exiguum
680 3631 846 3716 praesens
870 3630 1031 3700 libellum:

131 3755 251 3766 --—·

183 3819 222 3874 22
239 3822 290 3874 Sed
307 3823 343 3872 cic
362 3821 395 3871 Μ
461 3819 496 3872 23
514 3822 620 3872 diatim
654 3823 785 3873 scribend·
799 3822 829 3872 M
842 3820 1063 3883 litteraeooaido,·
1083 3816 1239 3881 scribentp¹

135 3909 175 3958 sq.
195 3891 315 3948 disum·
332 3893 366 3958 cs.
374 3890 446 3956 prol.
460 3896 481 3954 1,
492 3893 515 3941 3.
527 3909 550 3941 o.
562 3895 626 3942 1504
695 3889 730 3941 25
748 3892 857 3958 simplex
870 3890 914 3942 M:
926 3890 1042 3950 corruam
1060 3888 1240 3955 cfip.106,33

132 3960 333 4028 prior.prol.1
419 3958 454 4011 30
472 3962 608 4012 octabiano
627 3960 687 4026 nvp

185 4048 323 4099 Pnonccus
336 4048 368 4097 11.
404 4044 560 4098 9scslerem
579 4046 610 4096 M
700 4044 732 4098 14
749 4048 878 4100 Auderem
896 4045 953 4103 M¹,·
971 4045 1088 4096 nauum
1100 4042 1136 4108 μ’

185 4183 222 4239 34
237 4182 289 4236 ‘dis
306 4180 531 4250 Kaimkrdnunq'
548 4183 640 4248 (nicbtr
656 4181 708 4236 ‘die
726 4182 906 4247 Kniscraeit’)‚·
930 4186 965 4252 cs.
979 4199 1097 4248 procons.
1116 4179 1178 4231 odra.
1191 4181 1234 4232 30.

187 4273 324 4324 Psorouus
338 4273 371 4321 Il.
405 4270 423 4322 4
441 4271 575 4338 imparium
594 4271 697 4336 pollens
714 4272 741 4322 in
753 4273 849 4323 vertice
867 4287 953 4322 rerum
971 4266 1187 4335 coniungendam
1205 4265 1239 4331 cf.

132 4344 203 4406 1466.
239 4339 274 4393 10
283 4338 391 4407 ‘jcmebr
402 4340 451 4406 iob,
464 4341 549 4392 iudom
559 4341 598 4391 iob
612 4357 638 4390 eo
649 4340 692 4391 dir
701 4341 810 4407 cortem,
823 4357 874 4391 nur
884 4339 983 4391 clunem
993 4337 1089 4404 Beselll
1097 4329 1241 4403 geber-abd.
