2910 5024
194 325 243 379 198
559 322 821 378 HROTSVI'I'HAE
839 322 969 378 OPERA.

54 493 163 582 ΙΙΧΙ4
275 495 448 562 Semnum.
494 496 539 561 Ut
566 497 657 561 libat.
707 496 847 582 Adonay
874 496 1088 577 Emmanuel,
1119 518 1219 583 quem
1245 516 1325 565 retro

190 590 340 668 tempora
362 581 511 647 divinitas
539 582 641 647 edidit
663 584 896 669 omniparentis
915 588 920 661 Ι
941 590 975 647 et
1002 582 1036 647 in
1058 590 1210 669 tempore
1233 586 1325 671 virgi·

189 669 275 732 nitas
297 670 410 753 genuit
436 671 558 751 matris,
578 672 583 752 Ι
603 670 658 755 qui
685 691 727 734 ex
755 669 882 734 duabus
909 670 1033 734 naturis
1052 672 1059 753 Ι
1078 690 1164 735 unua
1186 670 1325 737 Christus

190 755 323 819 mirifice
353 757 510 837 consistis,
529 759 534 837 Ι
554 777 615 820 nec
642 755 829 820 diversitate
856 763 1044 821 naturarum
1073 757 1234 823 unitatem
1255 778 1324 845 par·

191 861 291 906 sonae
313 840 470 924 dividens,
490 844 496 924 Ι
515 862 575 906 nec
589 843 712 907 unitate
727 863 888 928 personae
904 841 1129 908 diversitatem
1144 850 1325 909 naturarum

147 930 165 987 5
191 927 401 1008 confundens,
421 932 426 1005 1
446 929 505 993 tibi
532 928 646 992 iubilet
678 928 817 993 iocunda
839 930 998 994 serenitas
1020 930 1218 1013 angelorum
1235 932 1241 1013 Ι
1260 930 1325 995 dnl-

191 1014 301 1099 cisque
334 1016 479 1079 armonia
512 1014 675 1099 syderum,
695 1016 700 1097 Ι
720 1023 753 1079 te
784 1035 913 1101 quoque
943 1014 1110 1081 collaudet
1139 1016 1241 1081 totius
1269 1018 1324 1081 sci-

191 1100 264 1164 bilis
287 1102 334 1165 rei
357 1103 492 1165 scientia
511 1105 516 1179 Ι
536 1122 708 1186 omneque,
736 1101 823 1187 qnod
846 1122 888 1166 ex
912 1102 1151 1168 elementorum
1174 1101 1326 1167 formatur

143 1185 163 1246 6
191 1189 338 1268 materia,
359 1190 363 1268 Ι
384 1189 459 1273 quia
482 1195 531 1269 tu,
562 1189 616 1273 qui
642 1189 730 1251 solus
752 1208 825 1252 cum
847 1193 941 1274 patra
963 1194 998 1252 ot
1018 1187 1136 1276 spiritu
1158 1198 1272 1255 sanem
1292 1210 1324 1253 ss

193 1273 297 1337 forma
323 1275 393 1338 sine
419 1275 556 1338 materia
575 1279 580 1351 Ι
600 1294 643 1337 ex
669 1275 769 1359 patris
792 1275 959 1340 voluntate
979 1274 985 1358 Ι
1005 1280 1040 1339 et
1068 1296 1084 1338 a
1109 1275 1203 1341 iritns
1230 1278 1350 1341 ametis

192 1362 432 1446 cooperatione,
450 1362 453 1443 Ι
470 1381 533 1424 non
550 1361 700 1446 respuisti
715 1361 785 1424 fieri
800 1360 898 1425 homo
913 1296 1305 1446 passibilisdumanitan.

191 1446 281 1509 salua
297 1445 471 1510 divinitatis
486 1447 745 1532 inpassibilitate,
764 1451 770 1526 Ι
790 1453 833 1527 et,
855 1453 892 1510 nt
907 1446 1014 1511 nullus
1028 1448 1062 1511 in
1077 1455 1111 1512 te
1128 1446 1324 1514 credentium

189 1534 322 1617 periret,
342 1533 347 1617 Ι
367 1532 426 1597 sed
450 1534 552 1597 omnis
574 1532 678 1597 fidelis
700 1534 910 1597 aeternaliter
929 1534 1063 1615 viveret,
1083 1536 1089 1614 Ι
1109 1542 1250 1600 mortem
1270 1552 1350 1617 nep

190 1625 291 1683 stram
313 1640 377 1683 non
401 1618 594 1703 dedignatus
617 1640 652 1682 es
675 1625 807 1703 gustare
826 1622 831 1695 Ι
852 1625 909 1683 tna
931 1640 974 1684 ue
990 1622 1231 1687 rearrrectiona
1253 1642 1323 1687 con·

145 1704 162 1763 'l
191 1726 329 1769 sumere.
349 1709 354 1785 Ι
375 1705 423 1769 Te
448 1707 556 1787 etiam,
578 1706 761 1791 perlectum
784 1705 881 1770 deum
901 1708 907 1786 Ι
950 1707 1161 1793 ominemqus
1185 1728 1304 1783 rerum,
1337 1734 1350 1774 n

191 1791 310 1872 recolo,
333 1793 517 1878 promisisse
541 1792 705 1871 omnibus,
729 1792 784 1877 qui
804 1812 864 1877 pro
887 1792 934 1856 tui
956 1793 1097 1857 nominis
1120 1796 1324 1859 veneratione

40 1894 172 1959 praeca.
190 1877 244 1941 vel
266 1885 416 1942 terrenae
444 1899 537 1941 usum
565 1879 778 1963 possessionis
800 1879 1032 1964 relinquerant,
1052 1880 1057 1963 Ι
1077 1881 1132 1944 rel
1155 1882 1323 1947 carnalium

191 1964 344 2028 affectum
359 1966 610 2050 propinquorum
626 1970 869 2050 postponerent,
884 1964 888 2049 Ι
902 1972 1061 2029 centenae
1077 1966 1321 2033 vicissitudinem

190 2049 350 2114 mercedis
380 2052 618 2137 recompensari
637 2052 643 2134 Ι
663 2057 697 2115 et
724 2057 880 2116 aeternae
908 2050 1055 2116 bravium
1088 2053 1179 2117 vitae
1209 2052 1320 2119 debere

190 2135 312 2200 donari.
333 2137 338 2220 Ι
357 2135 463 2200 Huius
491 2157 550 2222 spe
577 2138 719 2201 animata
746 2138 904 2223 promissi,
923 2141 930 2217 Ι
949 2136 1023 2219 feci,
1053 2138 1144 2224 qnod
1165 2140 1292 2215 inssisti,
1327 2164 1345 2203 s

144 2221 162 2283 8
189 2228 304 2308 sponte
328 2224 479 2288 omittens
502 2224 642 2305 soboles,
687 2244 745 2288 uas
767 2224 897 2310 peperi:
918 2227 925 2304 Ι
943 2222 1030 2289 unde
1050 2230 1087 2288 tu
1101 2226 1158 2311 pie
1173 2228 1316 2313 promia·

191 2311 315 2374 solvere
339 2330 379 2373 ne
395 2311 540 2392 moreris,
561 2315 566 2390 Ι
586 2308 644 2374 sed
666 2246 730 2391 dac,
753 2331 805 2374 me
827 2310 1027 2396 quantocius,
1050 2310 1236 2377 absolutam
1256 2334 1313 2379 cor·

190 2397 298 2482 poreis
319 2397 464 2477 vinculis,
484 2399 489 2474 Ι
509 2417 552 2460 ex
574 2397 760 2481 receptione
783 2396 920 2461 filiarum
942 2396 1122 2479 laetificari,
1142 2404 1149 2481 Ι
1168 2420 1248 2486 quas
1267 2420 1312 2487 pro

191 2491 224 2546 to
247 2482 435 2547 mactandas
459 2484 612 2548 obtulisse
635 2504 700 2546 non
724 2482 843 2561 distuli,
864 2488 869 2563 Ι
889 2503 964 2568 quo,
987 2491 1021 2548 te
1043 2484 1107 2548 illia
1122 2505 1242 2570 mum
1262 2486 1309 2551 vir·

190 2570 273 2653 ginis
301 2570 510 2656 sequentibus
530 2572 536 2652 Ι
556 2576 589 2633 et
616 2589 734 2633 novum
764 2570 922 2634 canticum
954 2568 1213 2653 modulantibus,
1235 2574 1241 2655 Ι
1262 2592 1334 2657 egos

191 2654 345 2719 iocunder
372 2656 533 2720 audiendo
554 2660 558 2735 Ι
577 2656 768 2741 illarumque
795 2654 951 2720 laetificer
972 2656 1088 2742 gloria,
1107 2656 1115 2743 Ι
1135 2665 1185 2741 et,
1215 2678 1306 2745 qnan-

191 2744 238 2805 vis
261 2762 325 2806 non
348 2763 480 2827 possum
503 2743 660 2806 canticum
684 2742 875 2825 virginitatis
898 2741 1018 2821 dicere,
1037 2744 1044 2827 Ι
1064 2751 1098 2808 te
1121 2750 1305 2810 tamencum

143 2825 162 2885 9
187 2829 250 2892 illis
274 2849 401 2892 merear
423 2830 632 2893 aeternaliter
653 2829 797 2907 laudare,
817 2828 822 2911 Ι
843 2829 896 2914 qui
918 2847 986 2893 non
1008 2830 1093 2914 ipse,
1118 2832 1172 2916 qni
1194 2840 1302 2918 pater,-

189 2914 355 2979 sedidem
386 2936 435 2995 es,
468 2913 555 3000 quod
582 2922 685 3001 pater,
705 2915 710 2999 Ι
730 2936 802 2979 curn
826 2935 889 3001 quo
919 2921 953 2979 et
974 2916 1089 3001 spiritu
1112 2928 1224 2982 macto
1243 2935 1302 2981 unus

190 3002 338 3066 dominus
354 3002 570 3066 universitatis
590 3004 595 3083 Ι
614 3022 760 3086 unusque
783 3022 843 3065 rex
866 3022 1013 3067 summae
1036 3008 1071 3067 et
1083 3003 1213 3069 mediae
1226 3012 1325 3090 atque·

189 3089 274 3152 imae
298 3090 428 3152 rationis
449 3089 590 3172 treguas
618 3093 651 3151 et
681 3087 855 3152 dominaris
874 3090 880 3171 Ι
899 3107 959 3174 per
981 3088 1231 3155 interminabilia
1246 3090 1299 3171 lin·

192 3175 336 3238 mortalis
360 3176 432 3238 aevi
455 3175 595 3238 saccula.
616 3173 621 3257 Ι

276 3281 449 3324 neruosas.
495 3261 641 3345 Suscipe,
665 3259 803 3324 domine.
849 3261 967 3327 Amen.

278 3396 311 3448 18
328 3400 530 3450 vicissitudinem
543 3401 579 3449 cic
591 3399 646 3449 dP.-
661 3400 838 3452 vicissitudine
851 3399 912 3465 M‘p
980 3398 1016 3453 24
1032 3402 1098 3467 fort.
1111 3400 1200 3469 (inter)
1212 3400 1298 3469 virgi!

189 3463 223 3516 '27
242 3484 346 3532 possum
364 3470 467 3534 scripsi:
485 3470 579 3535 possim
597 3469 628 3518 ll
644 3468 703 3533 (red
719 3486 808 3535 posau·
825 3478 940 3536 coeptum
956 3470 1070 3537 ΝΜ

274 3586 291 3637 2
308 3592 343 3654 cf.
356 3589 439 3641 I'rud.
452 3589 518 3640 colb.
533 3595 569 3651 11,
581 3594 612 3639 14
630 3606 706 3654 quem
725 3600 806 3642 mater
823 3592 858 3655 (r.
870 3590 888 3641 l.
907 3590 1010 3651 matria)
1020 3592 1199 3645 aditcastiha.
1234 3584 1295 3649 lta'·

190 3656 246 3707 Cal.
260 3662 276 3707 9
291 3659 308 3718 Ι
317 3662 356 3708 26.
444 3658 476 3709 12
494 3659 528 3724 cf.
549 3658 606 3709 Iob.
624 3676 661 3711 ec.
675 3662 740 3723 3,15
762 3668 792 3710 ut
813 3662 910 3723 omnia,
934 3661 981 3727 qui
1002 3662 1085 3713 eradit
1107 3663 1135 3713 in
1155 3663 1164 3713 i
1212 3678 1244 3717 m.
1260 3668 1296 3706 Μ

187 3734 282 3792 pereat,
295 3728 339 3778 aed
353 3728 449 3779 lrabeat
461 3729 539 3778 vitam
551 3738 691 3779 aeternam.
729 3727 806 3794 Ides.
824 3728 941 3795 chopd.
954 3732 1013 3782 315.
1050 3728 1084 3781 16
1095 3732 1131 3797 cf.
1174 3724 1296 3785 catat„

188 3804 214 3846 et
231 3798 314 3847 omnis
331 3799 376 3862 qni
394 3798 527 3861 reliquerit
545 3799 648 3847 domurn
661 3835 668 3848 .
683 3836 689 3849 .
705 3836 711 3849 .
727 3836 735 3860 ,
758 3799 909 3865 centuplum
926 3800 1037 3867 accipiet
1053 3808 1080 3851 et
1098 3800 1179 3851 vitam
1196 3806 1296 3851 new

187 3867 334 3931 possidebit.
404 3865 438 3915 ⁶25
461 3869 496 3932 cf.
515 3867 610 3931 ripn?
630 3864 744 3931 (apocal.
757 3870 823 3929 14,3
834 3885 884 3933 sp:
905 3876 932 3919 et
948 3868 1091 3921 “nubam
1106 3870 1182 3936 qnasi
1197 3866 1296 3921 ranst·

187 3950 284 3986 novum
303 3975 308 3986 .
329 3974 353 3999 .,
376 3944 401 3986 et
423 3952 497 3986 nemo
520 3945 618 4001 poterat
641 3937 725 3987 dicere
745 3938 875 3989 carrticum
897 3938 948 3989 nisi
967 3938 1013 3989 illa
1030 3948 1137 3991 centnm
1153 3936 1296 4005 (perducit¹¹¹

187 4012 309 4068 quattuor
331 4005 413 4066 milia,
435 4006 480 4069 qui
498 4007 577 4071 empti
594 4014 655 4055 sunt
678 4007 708 4056 de
727 4016 805 4057 terra:
829 4008 936 4058 bisunt
959 4007 1084 4074 quicum
1101 4008 1245 4061 antimum
1260 4012 1295 4053 ¹⁰⁸

187 4082 249 4122 aunt
266 4074 431 4139 coinquinati,
450 4076 564 4139 uirgines
583 4076 650 4125 enim
669 4082 742 4137 aunt3
761 4076 788 4125 hi
799 4086 945 4142 sequuntur
961 4092 1061 4144 agnum
1072 4092 1231 4145 quocunqne
1244 4074 1294 4124 5⁶¹⁸

187 4141 258 4190 locus
272 4151 330 4204 port
348 4143 477 4193 austrasii
494 4143 615 4209 hymnam
634 4146 692 4195 lesu
710 4161 805 4196 corona
821 4147 965 4212 virginum,
993 4144 1092 4199 Breues
1108 4164 1135 4199 a.
1146 4148 1209 4209 ιω
1219 4138 1294 4213 ρ-ΝΙ

186 4224 285 4273 scruter
298 4211 513 4277 adcirqinitatem
524 4213 673 4277 puellarum
686 4214 803 4278 relatur).
871 4212 953 4281 Μαί.
966 4214 1047 4267 Dion.
1056 4223 1079 4267 1.
1147 4214 1295 4287 &deu-¹⁰

185 4295 235 4341 pro
254 4279 382 4344 dctbrsctir
399 4281 487 4346 incipit
498 4281 627 4344 (Gerbert,
643 4300 756 4334 monum.
768 4292 812 4335 oet.
826 4284 946 4350 lituryiac
957 4284 1148 4339 Akamas·
1161 4284 1180 4337 1
1189 4302 1216 4351 p.
1225 4272 1294 4335 llll-'³

187 4348 297 4415 suscipe,
316 4350 426 4411 domino,
444 4352 556 4401 animam
574 4352 697 4403 servitui
716 4348 757 4404 itt.
774 4362 945 4406 revertentem
961 4354 996 4407 sd
1012 4363 1047 4409 to.
