2910 5024
516 393 777 453 flnorsvlunlu
795 394 923 450 OPERA.

262 572 332 637 Nec
354 571 480 656 signum
503 570 624 655 populo
648 567 848 654 praedictum
871 566 1025 633 redderet
1049 571 1127 653 ulls,

262 658 389 724 Obtulit
410 658 575 722 incensum
620 656 726 721 reesnl
748 653 935 719 venerabile
958 676 1084 723 rursum

262 745 371 831 Seque
395 743 486 809 dedit
508 677 656 829 precibus
677 742 796 806 devoto
819 747 952 825 pectore
975 744 1064 809 fusis.

262 833 322 898 Oui
344 851 422 896 mox
445 831 577 895 coelesti
601 829 725 894 dicetur
746 846 826 892 soce
850 831 1010 911 precanti:

260 919 407 1003 ‘Vnguis
429 937 569 1002 nemque
591 915 699 981 brevis
721 913 840 1000 Ioseph
861 915 937 979 iusti
959 918 1104 999 senioris,

263 1006 355 1081 Ques
380 1006 465 1069 iacet
485 1005 519 1067 in
542 1003 664 1088 templo
687 1022 748 1066 nec
770 1001 961 1067 sollicitetur
983 1003 1024 1068 sb
1047 1006 1125 1087 ullo,

262 1093 311 1157 lm
335 1091 417 1156 lebit
438 1091 553 1156 merito
576 1092 703 1174 signum
725 1087 937 1154 memorabile
960 1090 1053 1154 sols.²

306 1113 367 1243 fiis
389 1179 436 1242 its
457 1177 553 1242 finitis
576 1177 683 1240 sonuit
704 1195 770 1239 vox
792 1175 984 1260 pontificalis

263 1264 421 1330 blandum
442 1265 475 1328 in
497 1262 638 1328 mediam
660 1262 780 1347 Ioseph
801 1262 980 1412 procedere
1004 1265 1143 1331 turbem.

262 1352 326 1418 Hic
350 1357 420 1417 eret
442 1351 597 1429 abiectus,
620 1349 724 1414 forme
745 1348 800 1412 nul
814 1368 897 1433 oque
920 1349 1067 1433 decorus,

262 1439 333 1504 Nec
355 1439 416 1502 sibi
439 1436 623 1522 conplacuit
644 1437 739 1501 sociis
761 1435 916 1500 interfore
938 1439 1046 1519 tentis,

263 1525 331 1591 Sed
352 1544 448 1610 muge
471 1530 635 1609 postremo
659 1521 781 1608 gaudet
802 1542 971 1588 remancre
994 1525 1121 1591 locello.

263 1613 336 1694 Qui,
359 1632 437 1677 mox
458 1616 494 1675 ut
516 1630 629 1675 vocem
652 1611 752 1674 sensit
774 1629 809 1673 se
831 1609 916 1674 forte
938 1618 1121 1693 vocantem,

262 1699 426 1765 Processit
447 1697 594 1783 pavidus,
616 1698 741 1783 virgam
765 1695 986 1780 conprendere
1008 1701 1128 1775 iussus;

264 1785 316 1851 Ex
340 1806 403 1871 que
426 1786 575 1849 continuo
600 1782 774 1870 splendens
797 1803 929 1866 egressu
952 1785 1103 1851 columbo

263 1872 354 1937 Haut
372 1871 464 1936 terde
488 1872 613 1936 coelum
635 1870 737 1934 fertur
758 1870 890 1956 petiisse
912 1879 1084 1938 secretum.

264 1959 326 2023 His
348 1960 394 2023 ite
416 1958 595 2035 transactis,
617 1956 732 2022 leudes
753 1955 847 2042 plebs
870 1966 1046 2044 concrepet
1068 1961 1179 2040 omnis,

266 2046 385 2111 Grates
408 2045 580 2109 altithrono
604 2043 778 2109 reddentes
800 2048 934 2128 pectore
957 2046 1055 2124 lueto,

266 2132 327 2198 Cui
348 2133 470 2217 placuit
491 2132 583 2216 signo
605 2131 723 2195 iustum
745 2136 925 2195 monstrare
946 2133 1086 2199 novello.

266 2219 342 2306 Ipse
366 2218 434 2298 sed,
458 2219 576 2282 oetstis
597 2237 662 2281 non
683 2219 842 2282 inmemor
861 2218 1033 2301 ulterioris,

265 2305 464 2385 Protestans‚
487 2325 639 2390 proceres
662 2304 762 2389 se(se)
786 2305 937 2389 genuisse
959 2313 1109 2393 nepotes,

263 2392 383 2477 Magno
407 2399 555 2477 percerte
577 2392 679 2456 fertur
701 2392 842 2476 rogitare
863 2391 987 2476 pudore

264 2479 448 2555 Pontifices,
471 2477 606 2542 blesiam
630 2498 692 2563 quo
715 2498 780 2542 non
802 2477 925 2542 vellent
946 2478 1007 2543 sibi
1030 2480 1208 2566 pulchrum,

265 2566 371 2652 Ipsius
394 2566 524 2651 proprio
548 2564 606 2629 sed
628 2585 778 2649 sponsam
801 2563 931 2629 tradere
953 2573 1040 2630 neto.

266 2651 361 2726 Quod
384 2673 457 2716 eum
480 2652 564 2717 forte
587 2658 724 2736 negent,
752 2672 787 2716 se
810 2653 971 2736 signatum
995 2673 1125 2740 qnoque
1147 2662 1282 2733 narrent,

264 2739 335 2804 Nee
358 2740 505 2824 cuiquem
529 2737 618 2803 credi
639 2745 783 2803 sunctum
807 2737 929 2804 debere
951 2741 1094 2826 puellum

267 2827 372 2902 Quom
396 2827 467 2905 sibi,
492 2846 587 2911 quem
612 2824 758 2890 dominus
782 2825 886 2889 solnm
909 2826 987 2891 fecit
1009 2828 1079 2893 fore
1102 2825 1246 2912 dignum,

266 2913 413 2979 Exorans
435 2913 515 2977 elias
538 2913 647 2997 coepit
668 2914 810 2997 rogitare
832 2913 959 2997 puellas

263 3000 349 3065 Mitti
372 3021 443 3065 curu
466 2999 569 3064 Moris
592 3019 688 3063 cause
711 2999 874 3063 solaminis
898 3020 987 3086 ergo,

266 3087 369 3168 Quae,
392 3086 492 3151 veluti
513 3087 714 3151 connutritae
737 3087 908 3171 sociaeque
932 3107 1087 3167 coseree,

264 3173 358 3238 Illum
382 3174 532 3258 colloquii
554 3174 673 3237 scirent
694 3173 850 3237 solamine
873 3172 958 3238 dulci

264 3260 399 3345 Absque
422 3281 513 3323 more
535 3261 702 3340 consolari,
726 3281 767 3324 ne
789 3260 880 3346 virgo
903 3259 1019 3346 pudori

267 3346 413 3432 Coniuge
436 3367 494 3433 pro
517 3347 626 3410 vetulo
649 3346 743 3411 fieret
764 3346 910 3411 subiecto
932 3346 1064 3411 tenello.

267 3432 363 3507 Quod
384 3453 463 3498 mox
485 3432 652 3520 pontifices
674 3433 745 3497 fieri
766 3434 888 3497 iussere
911 3439 1071 3519 potentes.

265 3519 349 3584 Nem
371 3520 479 3584 senior
500 3519 618 3584 frustra
641 3520 814 3585 sudaverat
835 3521 898 3584 iste
920 3518 1077 3605 rogsndo,

264 3605 338 3672 Non
360 3606 431 3684 sibi,
453 3605 513 3670 sed
535 3604 662 3670 Christo
685 3606 792 3671 fueret
814 3608 890 3692 quis
910 3608 1002 3693 virgo
1025 3605 1143 3671 dicatu

307 3693 484 3779 Postquam
507 3694 675 3778 pontifices
697 3694 836 3780 preculis
858 3714 986 3759 cessere
1009 3693 1182 3779 preeuntis,

156 3801 195 3842 os
263 3779 382 3867 Ioseph
405 3778 597 3844 servendum
619 3781 761 3867 suscepit
782 3801 921 3867 nemque
944 3781 1086 3868 puellum

212 4039 218 4052 ·
243 3967 294 4022 46³
311 3971 463 4054 sollicitetur
480 3970 525 4022 M:
543 3973 643 4022 correxi
716 3971 767 4024 466
786 3973 870 4039 ioseph
889 3973 931 4023 Μ1
1000 3971 1052 4024 478
1069 3990 1097 4025 se
1116 3970 1295 4054 dircen-'2‘

156 4055 266 4160 Ἥ.-
283 4041 470 4162 wip
493 4057 520 4092 '⁰
544 4042 844 4177 ‘'mill'liiiliiis
870 4037 1294 4166 ellel-lim&

156 4125 257 4229 ¹,raned
319 4198 337 4245 p
423 4177 475 4231 495
494 4180 606 4247 puellum
625 4180 671 4246 (cs.
688 4179 793 4248 som]
812 4183 874 4247 sort
892 4130 1025 4234 Μιηιζυ

242 4329 291 4383 461
317 4332 416 4384 dicotur
444 4333 460 4383 i.
485 4349 505 4382 e.
532 4332 641 4394 dicium
667 4335 702 4400 cs.
729 4332 801 4386 Mor.
822 4336 881 4385 664.
994 4331 1046 4386 46ὁ
1073 4336 1109 4402 cf.
1136 4333 1209 4387 Har.
1229 4331 1279 4387 nt

158 4403 252 4466 susq,
339 4398 391 4455 tlt
408 4403 443 4467 cs.
461 4401 641 4467 Mor.188cq.
