2962 5506
538 818 801 875 Heorsvlrflaa
821 818 949 876 OPERA.

281 992 446 1079 Emptum,
468 1013 527 1078 pro
550 992 670 1057 mundo
694 994 748 1079 qui
770 993 859 1058 fusus
882 1004 952 1058 erat
972 993 1132 1080 perituro,

281 1079 467 1145 Procedens
489 1081 587 1143 sacris
609 1079 764 1145 advolvor
785 1079 899 1145 sedula
920 1080 1039 1166 plantis

280 1165 369 1245 Eius,
392 1186 489 1252 quem
512 1167 620 1251 genui,
644 1174 829 1231 cunctorum
852 1165 966 1231 iudicis
988 1166 1096 1252 aequi,

282 1253 352 1318 Nec
373 1273 505 1338 parcam
528 1253 667 1338 preculis
689 1252 795 1318 studio
818 1259 963 1318 certante
985 1253 1139 1340 profusis,

281 1338 395 1404 Donec
417 1341 516 1425 ipsius
538 1341 649 1404 mitem
672 1360 754 1425 cogo
778 1341 944 1426 pietatem,

282 1425 328 1490 Ut
349 1424 409 1490 tibi
430 1425 592 1511 parcendo
617 1425 757 1490 dimittat
779 1432 869 1490 tanta
890 1423 1018 1513 piacla.²

280 1511 342 1576 His
365 1511 467 1585 dictis,
490 1513 596 1576 subito
619 1511 766 1577 discessit
787 1513 878 1599 virgo
901 1516 1038 1589 sacrata,

282 1598 447 1684 Linquens
469 1599 617 1684 promissi
637 1600 755 1664 misero
778 1600 935 1664 solamina
957 1598 1037 1662 sani.

328 1684 424 1749 Certe
448 1692 522 1770 post
544 1685 685 1750 triduum
707 1707 815 1750 rursus
837 1685 992 1750 veniebat
1013 1681 1057 1747 ad
1079 1682 1185 1765 illum,

282 1771 321 1836 In
341 1773 412 1835 visu
434 1773 548 1836 veniae
571 1793 686 1836 munus
708 1792 856 1837 reserans
878 1776 1061 1857 reparatae,

285 1856 328 1922 Iit
350 1859 440 1922 vultu
462 1859 549 1922 laeto
573 1858 773 1945 deprompsit
795 1860 874 1924 talia
895 1857 1011 1923 verba:

280 1942 342 2008 ‘un
363 1946 414 2026 tis,
436 1947 485 2008 vir
507 1945 637 2026 domiui,
661 1947 759 2010 tristis
782 1945 974 2031 conpunctio
996 1941 1105 2008 cordia

281 2029 342 2095 Est
363 2039 498 2116 accepta
520 2031 582 2096 deo
606 2033 690 2117 patri
712 2033 859 2118 prolique
882 2030 1028 2117 perenni,

282 2117 328 2181 At
350 2139 392 2182 uc
415 2124 490 2182 tuae
513 2120 664 2183 lacrimae
688 2120 847 2183 scelerum
869 2119 998 2183 veniam
1020 2135 1190 2191 meruere;

285 2139 352 2268 Sed
373 2225 434 2269 nec
458 2206 605 2270 tartareis
628 2207 743 2290 poenis
764 2225 918 2291 umquam
940 2203 1089 2289 capieris,

285 2289 319 2354 Si
342 2291 519 2377 posthaec
541 2298 686 2377 perstare
709 2293 799 2377 cupis
821 2292 890 2356 sine
913 2288 1028 2355 fraude
1050 2286 1182 2353 fidens?

282 2375 358 2527 lpse
382 2377 512 2464 quidem
537 2384 648 2442 contra
671 2398 747 2442 mox
771 2377 901 2442 dicebat
921 2395 1020 2463 prece
1042 2372 1183 2440 blanda:

280 2465 289 2489 ‘
320 2472 388 2528 crte
412 2465 549 2529 servabo
572 2485 683 2529 sacrae
707 2464 783 2529 fidei
806 2464 1000 2529 documenta

280 2550 351 2614 Nec
373 2559 447 2635 post
469 2551 549 2616 haec
571 2553 656 2615 ultra
678 2552 764 2618 male
787 2549 1007 2635 transgredior
1028 2543 1237 2632 neglegendo

283 2636 462 2722 Quicquam
486 2637 526 2701 de
550 2640 673 2711 vestris,
696 2659 770 2702 mea
793 2637 911 2702 domna
932 2635 1088 2721 piissima,
1110 2633 1223 2701 iussis:

282 2722 330 2786 Te
353 2725 428 2808 quia
450 2731 524 2808 post
547 2722 711 2788 dominum
733 2725 835 2789 solam
858 2723 1005 2789 conferre
1026 2718 1194 2785 medelam

281 2809 396 2893 Spero,
420 2830 483 2894 quo
506 2812 618 2895 poenis
641 2811 795 2897 pabulum
817 2831 882 2875 uon
904 2808 1014 2874 tradar
1035 2807 1167 2871 amaris.

283 2894 350 2959 Sed
372 2915 437 2959 nou
460 2903 511 2960 est
533 2898 658 2973 mirum,
680 2918 741 2984 per
762 2904 795 2962 te
817 2919 870 2961 me
893 2897 957 2960 iam
980 2895 1050 2960 fore
1073 2893 1211 2973 salvum,

280 2982 345 3046 Per
367 3002 464 3067 quam
487 2982 528 3047 de
551 2985 670 3048 veteris
693 2985 804 3049 loetali
826 2984 959 3049 crimine
981 2980 1094 3047 matria

282 3067 421 3132 Omnem
443 3068 541 3133 dante
564 3069 626 3135 deo
649 3070 804 3135 mundum
825 3076 917 3157 patet
939 3088 1012 3133 esse
1035 3067 1193 3138 solutum;

279 3154 323 3219 Et
345 3156 426 3240 quis,
450 3163 482 3220 te
506 3176 653 3242 poscens,
677 3177 734 3242 spe
757 3178 822 3221 non
844 3156 1007 3242 dubiaque
1029 3153 1209 3240 requirens,

280 3240 438 3306 Desertus
460 3243 566 3307 fuerat
588 3244 641 3308 vel
664 3244 815 3308 confusus
837 3243 1025 3308 remeabat?

281 3326 366 3393 Hinc
390 3350 451 3413 ego
476 3331 660 3394 criminibus
683 3336 733 3394 sat
756 3330 915 3416 supremis
936 3330 1068 3394 vitiatus

281 3412 477 3501 Suppliciter
499 3417 623 3481 iontem
646 3415 764 3481 devota
786 3423 896 3481 mente
917 3435 1106 3502 perennem,

279 3500 377 3565 Alma
399 3501 453 3566 dei
475 3505 626 3587 genitrix,
650 3523 750 3567 exoro
773 3510 849 3567 tuae
871 3503 1013 3588 pietatis,

280 3587 325 3651 Ut
346 3588 447 3654 facias
469 3597 577 3654 cartae
601 3591 712 3654 literas
736 3590 892 3675 extimplo
914 3587 1088 3669 nefandae,

279 3672 358 3745 Quia
380 3696 432 3740 me
456 3678 606 3742 subiunxi
628 3677 799 3741 vastatoris
822 3675 945 3756 ditioni,

279 3759 357 3824 Eius
381 3761 422 3826 de
445 3764 592 3828 manibus
615 3764 767 3827 miserum
790 3784 842 3827 me
866 3781 994 3827 sumere
1016 3781 1158 3835 mrsum3

279 3845 365 3911 Hinc
389 3850 529 3914 animam
551 3849 689 3914 formido
712 3870 820 3914 meam
843 3850 918 3934 quia
939 3849 1023 3913 forte
1046 3848 1209 3914 misellam

259 4067 495 4138 341paacaml1¹
572 4070 781 4125 alcotan
858 4069 1105 4125 344disssssitll¹
1183 4069 1271 4140 clep

171 4140 230 4191 misi
247 4139 280 4189 Μ
352 4137 402 4191 347
421 4141 561 4192 ueniebant
578 4141 613 4190 Μ
683 4140 734 4194 348
752 4144 871 4194 refervens
889 4141 922 4191 Μ
937 4140 1000 4205 ἂι.
1018 4143 1133 4194 telonus
1150 4142 1180 4194 ia
1196 4141 1271 4194 raim

172 4208 263 4331 a>
292 4210 464 4330 casta
482 4209 959 4333 seruabatur„
1024 4208 1262 4333 besara

171 4343 221 4397 357
248 4286 423 4414 ιΜὲιιαῑιὶῑνιιςιόίίἰει·
452 4296 532 4400 Gadda
552 4297 577 4346 q,
647 4346 700 4400 360
724 4350 826 4400 tardata
838 4296 936 4401 pdranis
963 4346 1023 4414 (aie)
1050 4348 1093 4400 M.-
1118 4349 1224 4403 cormi
1249 4310 1271 4401 cd

169 4432 192 4466 o.
205 4420 258 4468 167.
285 4420 336 4468 229
362 4416 475 4479 (tardata
502 4418 580 4469 maris
596 4417 637 4483 ρ’,
664 4419 752 4470 tardat
778 4420 872 4470 amaris
889 4418 939 4485 p¹‚·
965 4421 1077 4471 Tartara
1104 4420 1188 4472 mavis
1218 4415 1271 4470 Gali

170 4482 329 4604 mim
342 4486 399 4607 ξω
414 4488 525 4608 ⁰33ss
540 4487 582 4606 ἐξ
652 4485 704 4539 366
721 4505 783 4555 ergo
801 4487 874 4553 M¹p¹
919 4488 1057 4540 uieiatibus
1076 4486 1137 4554 Hp¹
1207 4483 1260 4541 ³68

256 4738 307 4791 359
321 4740 401 4790 Pauli
413 4743 505 4801 c.3,13
522 4743 584 4807 quia
597 4750 622 4794 te
635 4743 716 4794 habeo
730 4750 787 4808 post
800 4741 876 4793 deum
891 4742 1074 4809 protectionem
1087 4751 1113 4795 at
1127 4739 1271 4810 patrocimu

170 4806 221 4861 369
231 4825 268 4875 sq.
286 4811 321 4876 cs.
339 4808 402 4860 Bac.
416 4812 470 4860 183.
