<?xml version="1.0" encoding="UTF-8"?>
<!DOCTYPE html PUBLIC "-//W3C//DTD XHTML 1.0 Transitional//EN"
    "http://www.w3.org/TR/xhtml1/DTD/xhtml1-transitional.dtd">
<html xmlns="http://www.w3.org/1999/xhtml" xml:lang="en" lang="en">
 <head>
  <title>
</title>
<meta http-equiv="Content-Type" content="text/html;charset=utf-8" />
  <meta name='ocr-system' content='tesseract 3.04.00' />
  <meta name='ocr-capabilities' content='ocr_page ocr_carea ocr_par ocr_line ocrx_word'/>
</head>
<body>
  <div class='ocr_page' id='page_1' title='image "./hrotsvithaeoper02hrotgoog_0128.png"; bbox 0 0 2910 5024; ppageno 0'>
   <div class='ocr_carea' id='block_1_1' title="bbox 542 361 1231 434">
    <p class='ocr_par' dir='ltr' id='par_1_1' title="bbox 542 361 1231 434">
     <span class='ocr_line' id='line_1_1' title="bbox 542 361 1231 434; baseline 0.007 -18"><span class='ocrx_word' id='word_1_1' title='bbox 542 362 599 417; x_wconf 72' lang='lat'>17.</span> <span class='ocrx_word' id='word_1_2' title='bbox 618 361 779 434; x_wconf 67' lang='lat' dir='ltr'>Diospaua</span> <span class='ocrx_word' id='word_1_3' title='bbox 1197 366 1231 421; x_wconf 87' lang='grc'>91</span> 
     </span>
    </p>
   </div>
   <div class='ocr_carea' id='block_1_2' title="bbox 185 534 1338 3827">
    <p class='ocr_par' dir='ltr' id='par_1_2' title="bbox 192 534 1338 1315">
     <span class='ocr_line' id='line_1_2' title="bbox 197 534 1338 624; baseline 0.006 -23"><span class='ocrx_word' id='word_1_4' title='bbox 197 535 308 622; x_wconf 81' lang='lat' dir='ltr'>Teque</span> <span class='ocrx_word' id='word_1_5' title='bbox 330 555 456 622; x_wconf 80' lang='lat' dir='ltr'>precor,</span> <span class='ocrx_word' id='word_1_6' title='bbox 478 534 657 601; x_wconf 88' lang='lat' dir='ltr'>maiestatis</span> <span class='ocrx_word' id='word_1_7' title='bbox 679 556 740 599; x_wconf 89' lang='lat' dir='ltr'>rex</span> <span class='ocrx_word' id='word_1_8' title='bbox 761 557 881 623; x_wconf 90' lang='lat' dir='ltr'>magne</span> <span class='ocrx_word' id='word_1_9' title='bbox 903 539 1066 624; x_wconf 90' lang='lat' dir='ltr'>perennis,</span> <span class='ocrx_word' id='word_1_10' title='bbox 1227 541 1338 608; x_wconf 74' lang='lat' dir='ltr'>s⁰1·⁶7¹</span> 
     </span>
     <span class='ocr_line' id='line_1_3' title="bbox 196 621 1060 708; baseline 0.002 -20"><span class='ocrx_word' id='word_1_11' title='bbox 196 622 240 688; x_wconf 91' lang='lat' dir='ltr'>Ut</span> <span class='ocrx_word' id='word_1_12' title='bbox 261 621 341 687; x_wconf 87' lang='lat' dir='ltr'>dare</span> <span class='ocrx_word' id='word_1_13' title='bbox 362 629 556 708; x_wconf 89' lang='lat' dir='ltr'>perpetuam</span> <span class='ocrx_word' id='word_1_14' title='bbox 578 622 726 687; x_wconf 85' lang='lat' dir='ltr'><strong>mihimet</strong></span> <span class='ocrx_word' id='word_1_15' title='bbox 748 621 883 708; x_wconf 83' lang='lat' dir='ltr'>dignere</span> <span class='ocrx_word' id='word_1_16' title='bbox 907 645 1060 690; x_wconf 87' lang='lat' dir='ltr'>coronam</span> 
     </span>
     <span class='ocr_line' id='line_1_4' title="bbox 194 709 1069 796; baseline 0.002 -22"><span class='ocrx_word' id='word_1_17' title='bbox 194 711 305 796; x_wconf 82' lang='lat' dir='ltr'>Atque</span> <span class='ocrx_word' id='word_1_18' title='bbox 327 710 409 774; x_wconf 91' lang='lat' dir='ltr'>meis</span> <span class='ocrx_word' id='word_1_19' title='bbox 433 709 538 791; x_wconf 91' lang='lat' dir='ltr'>sociis,</span> <span class='ocrx_word' id='word_1_20' title='bbox 560 729 620 794; x_wconf 92' lang='lat' dir='ltr'>pro</span> <span class='ocrx_word' id='word_1_21' title='bbox 643 710 763 773; x_wconf 89' lang='lat' dir='ltr'>teiam</span> <span class='ocrx_word' id='word_1_22' title='bbox 785 730 871 776; x_wconf 92' lang='lat' dir='ltr'>nunc</span> <span class='ocrx_word' id='word_1_23' title='bbox 892 712 1069 788; x_wconf 85' lang='lat' dir='ltr'>morituris;</span> 
     </span>
     <span class='ocr_line' id='line_1_5' title="bbox 195 796 1034 945; baseline 0 -84"><span class='ocrx_word' id='word_1_24' title='bbox 195 796 309 882; x_wconf 81' lang='lat' dir='ltr'>Tuque</span> <span class='ocrx_word' id='word_1_25' title='bbox 333 803 423 860; x_wconf 82' lang='lat' dir='ltr'>tuum</span> <span class='ocrx_word' id='word_1_26' title='bbox 445 796 603 945; x_wconf 79' lang='lat' dir='ltr'>populum</span> <span class='ocrx_word' id='word_1_27' title='bbox 624 816 720 860; x_wconf 85' lang='lat' dir='ltr'>serva</span> <span class='ocrx_word' id='word_1_28' title='bbox 740 796 865 882; x_wconf 88' lang='lat' dir='ltr'>pietate</span> <span class='ocrx_word' id='word_1_29' title='bbox 887 804 1034 883; x_wconf 86' lang='lat' dir='ltr'>paterna,</span> 
     </span>
     <span class='ocr_line' id='line_1_6' title="bbox 195 880 1046 968; baseline 0.002 -21"><span class='ocrx_word' id='word_1_30' title='bbox 195 881 299 956; x_wconf 86' lang='lat' dir='ltr'>Quem</span> <span class='ocrx_word' id='word_1_31' title='bbox 321 903 460 968; x_wconf 86' lang='lat' dir='ltr'>pascens</span> <span class='ocrx_word' id='word_1_32' title='bbox 506 880 560 946; x_wconf 94' lang='lat' dir='ltr'>dei</span> <span class='ocrx_word' id='word_1_33' title='bbox 582 881 711 946; x_wconf 83' lang='lat' dir='ltr'>tibimet</span> <span class='ocrx_word' id='word_1_34' title='bbox 731 902 883 949; x_wconf 78' lang='lat' dir='ltr'>sermone</span> <span class='ocrx_word' id='word_1_35' title='bbox 904 883 1046 950; x_wconf 73' lang='lat' dir='ltr'>nutrivi.³</span> 
     </span>
     <span class='ocr_line' id='line_1_7' title="bbox 193 968 1027 1056; baseline 0.002 -22"><span class='ocrx_word' id='word_1_36' title='bbox 193 968 253 1034; x_wconf 94' lang='lat' dir='ltr'>His</span> <span class='ocrx_word' id='word_1_37' title='bbox 275 970 323 1033; x_wconf 90' lang='lat' dir='ltr'>ita</span> <span class='ocrx_word' id='word_1_38' title='bbox 344 969 509 1054; x_wconf 89' lang='lat' dir='ltr'>poscentis</span> <span class='ocrx_word' id='word_1_39' title='bbox 530 968 682 1054; x_wconf 83' lang='lat' dir='ltr'>precibus</span> <span class='ocrx_word' id='word_1_40' title='bbox 702 970 768 1033; x_wconf 85' lang='lat' dir='ltr'>iam</span> <span class='ocrx_word' id='word_1_41' title='bbox 790 971 853 1036; x_wconf 90' lang='lat' dir='ltr'>rite</span> <span class='ocrx_word' id='word_1_42' title='bbox 875 971 1027 1056; x_wconf 79' lang='lat' dir='ltr'>peractis,</span> 
     </span>
     <span class='ocr_line' id='line_1_8' title="bbox 192 1054 944 1142; baseline 0.004 -22"><span class='ocrx_word' id='word_1_43' title='bbox 192 1055 268 1120; x_wconf 88' lang='lat' dir='ltr'>Una</span> <span class='ocrx_word' id='word_1_44' title='bbox 289 1054 440 1140; x_wconf 86' lang='lat' dir='ltr'>discipuli</span> <span class='ocrx_word' id='word_1_45' title='bbox 460 1062 572 1120; x_wconf 89' lang='lat' dir='ltr'>sancto</span> <span class='ocrx_word' id='word_1_46' title='bbox 596 1076 669 1120; x_wconf 93' lang='lat' dir='ltr'>cum</span> <span class='ocrx_word' id='word_1_47' title='bbox 691 1058 843 1142; x_wconf 90' lang='lat' dir='ltr'>praesule</span> <span class='ocrx_word' id='word_1_48' title='bbox 865 1058 944 1139; x_wconf 92' lang='lat' dir='ltr'>bini,</span> 
     </span>
     <span class='ocr_line' id='line_1_9' title="bbox 192 1141 1011 1229; baseline 0.004 -23"><span class='ocrx_word' id='word_1_49' title='bbox 192 1141 377 1229; x_wconf 88' lang='lat' dir='ltr'>Poplitibus</span> <span class='ocrx_word' id='word_1_50' title='bbox 398 1142 524 1228; x_wconf 89' lang='lat' dir='ltr'>positis,</span> <span class='ocrx_word' id='word_1_51' title='bbox 548 1141 727 1207; x_wconf 83' lang='lat' dir='ltr'>ceruicibus</span> <span class='ocrx_word' id='word_1_52' title='bbox 750 1149 848 1228; x_wconf 87' lang='lat' dir='ltr'>atque</span> <span class='ocrx_word' id='word_1_53' title='bbox 870 1145 1011 1226; x_wconf 84' lang='lat' dir='ltr'>reflexis,</span> 
     </span>
     <span class='ocr_line' id='line_1_10' title="bbox 196 1228 840 1315; baseline 0.006 -23"><span class='ocrx_word' id='word_1_54' title='bbox 196 1228 283 1294; x_wconf 90' lang='lat' dir='ltr'>Ictus</span> <span class='ocrx_word' id='word_1_55' title='bbox 305 1228 428 1293; x_wconf 84' lang='lat' dir='ltr'>lictoris</span> <span class='ocrx_word' id='word_1_56' title='bbox 451 1236 663 1315; x_wconf 89' lang='lat' dir='ltr'>susceperunt</span> <span class='ocrx_word' id='word_1_57' title='bbox 685 1229 840 1296; x_wconf 79' lang='lat' dir='ltr'>ferientis.</span> 
     </span>
    </p>

    <p class='ocr_par' dir='ltr' id='par_1_3' title="bbox 194 1314 991 1400">
     <span class='ocr_line' id='line_1_11' title="bbox 194 1314 991 1400; baseline 0 -20"><span class='ocrx_word' id='word_1_58' title='bbox 194 1314 339 1389; x_wconf 82' lang='lat' dir='ltr'>Quorum</span> <span class='ocrx_word' id='word_1_59' title='bbox 361 1316 539 1400; x_wconf 89' lang='lat' dir='ltr'>permansit</span> <span class='ocrx_word' id='word_1_60' title='bbox 561 1315 700 1381; x_wconf 87' lang='lat' dir='ltr'>celebris</span> <span class='ocrx_word' id='word_1_61' title='bbox 724 1317 884 1381; x_wconf 82' lang='lat' dir='ltr'>confessio</span> <span class='ocrx_word' id='word_1_62' title='bbox 906 1316 991 1399; x_wconf 88' lang='lat' dir='ltr'>talis,</span> 
     </span>
    </p>

    <p class='ocr_par' dir='ltr' id='par_1_4' title="bbox 191 1400 1181 1922">
     <span class='ocr_line' id='line_1_12' title="bbox 194 1400 987 1488; baseline 0.003 -22"><span class='ocrx_word' id='word_1_63' title='bbox 194 1401 247 1484; x_wconf 87' lang='lat' dir='ltr'>Ut,</span> <span class='ocrx_word' id='word_1_64' title='bbox 271 1400 350 1466; x_wconf 92' lang='lat' dir='ltr'>dum</span> <span class='ocrx_word' id='word_1_65' title='bbox 371 1403 526 1487; x_wconf 90' lang='lat' dir='ltr'>praecisis</span> <span class='ocrx_word' id='word_1_66' title='bbox 548 1403 705 1467; x_wconf 89' lang='lat' dir='ltr'>siluerunt</span> <span class='ocrx_word' id='word_1_67' title='bbox 727 1424 864 1488; x_wconf 86' lang='lat' dir='ltr'>corpora</span> <span class='ocrx_word' id='word_1_68' title='bbox 886 1404 987 1486; x_wconf 89' lang='lat' dir='ltr'>collis,</span> 
     </span>
     <span class='ocr_line' id='line_1_13' title="bbox 193 1488 996 1574; baseline 0.002 -22"><span class='ocrx_word' id='word_1_69' title='bbox 193 1488 371 1574; x_wconf 83' lang='lat' dir='ltr'>Palpautes</span> <span class='ocrx_word' id='word_1_70' title='bbox 393 1489 525 1574; x_wconf 86' lang='lat' dir='ltr'>linguae</span> <span class='ocrx_word' id='word_1_71' title='bbox 547 1489 661 1554; x_wconf 88' lang='lat' dir='ltr'>laudes</span> <span class='ocrx_word' id='word_1_72' title='bbox 685 1488 815 1554; x_wconf 93' lang='lat' dir='ltr'>domiuo</span> <span class='ocrx_word' id='word_1_73' title='bbox 839 1491 996 1555; x_wconf 85' lang='lat' dir='ltr'>cecinere.</span> 
     </span>
     <span class='ocr_line' id='line_1_14' title="bbox 195 1575 1054 1726; baseline -0.002 -87"><span class='ocrx_word' id='word_1_74' title='bbox 195 1575 392 1640; x_wconf 86' lang='lat' dir='ltr'>Truncatum</span> <span class='ocrx_word' id='word_1_75' title='bbox 415 1595 544 1676; x_wconf 92' lang='lat' dir='ltr'>quoque</span> <span class='ocrx_word' id='word_1_76' title='bbox 561 1575 726 1726; x_wconf 82' lang='lat' dir='ltr'>pontificis</span> <span class='ocrx_word' id='word_1_77' title='bbox 749 1597 866 1662; x_wconf 90' lang='lat' dir='ltr'>corpus</span> <span class='ocrx_word' id='word_1_78' title='bbox 887 1575 1054 1641; x_wconf 93' lang='lat' dir='ltr'>morientis</span> 
     </span>
     <span class='ocr_line' id='line_1_15' title="bbox 194 1661 990 1748; baseline 0.001 -22"><span class='ocrx_word' id='word_1_79' title='bbox 194 1661 339 1748; x_wconf 80' lang='lat' dir='ltr'>Erigitur</span> <span class='ocrx_word' id='word_1_80' title='bbox 360 1661 479 1742; x_wconf 89' lang='lat' dir='ltr'>subrto,</span> <span class='ocrx_word' id='word_1_81' title='bbox 501 1663 560 1726; x_wconf 90' lang='lat' dir='ltr'>niti</span> <span class='ocrx_word' id='word_1_82' title='bbox 584 1683 639 1727; x_wconf 92' lang='lat' dir='ltr'>um</span> <span class='ocrx_word' id='word_1_83' title='bbox 661 1663 835 1747; x_wconf 90' lang='lat' dir='ltr'>splendore</span> <span class='ocrx_word' id='word_1_84' title='bbox 858 1683 990 1738; x_wconf 89' lang='lat' dir='ltr'>sereno;</span> 
     </span>
     <span class='ocr_line' id='line_1_16' title="bbox 195 1743 1181 1836; baseline -0.004 -24"><span class='ocrx_word' id='word_1_85' title='bbox 195 1751 314 1835; x_wconf 82' lang='lat' dir='ltr'>Atque,</span> <span class='ocrx_word' id='word_1_86' title='bbox 338 1756 437 1834; x_wconf 89' lang='lat' dir='ltr'>caput</span> <span class='ocrx_word' id='word_1_87' title='bbox 457 1748 597 1813; x_wconf 89' lang='lat' dir='ltr'>brachiis</span> <span class='ocrx_word' id='word_1_88' title='bbox 619 1756 752 1835; x_wconf 91' lang='lat' dir='ltr'>portans</span> <span class='ocrx_word' id='word_1_89' title='bbox 774 1751 940 1836; x_wconf 90' lang='lat' dir='ltr'>proprium</span> <span class='ocrx_word' id='word_1_90' title='bbox 963 1749 1049 1814; x_wconf 89' lang='lat' dir='ltr'>bene</span> <span class='ocrx_word' id='word_1_91' title='bbox 1071 1743 1181 1828; x_wconf 83' lang='lat' dir='ltr'>firmis,</span> 
     </span>
     <span class='ocr_line' id='line_1_17' title="bbox 191 1833 1009 1922; baseline 0.001 -22"><span class='ocrx_word' id='word_1_92' title='bbox 191 1833 370 1900; x_wconf 77' lang='lat' dir='ltr'>Descendit</span> <span class='ocrx_word' id='word_1_93' title='bbox 390 1841 480 1900; x_wconf 91' lang='lat' dir='ltr'>recto</span> <span class='ocrx_word' id='word_1_94' title='bbox 503 1856 618 1920; x_wconf 88' lang='lat' dir='ltr'>gressu</span> <span class='ocrx_word' id='word_1_95' title='bbox 640 1835 681 1900; x_wconf 91' lang='lat' dir='ltr'>de</span> <span class='ocrx_word' id='word_1_96' title='bbox 704 1843 815 1902; x_wconf 91' lang='lat' dir='ltr'>monte</span> <span class='ocrx_word' id='word_1_97' title='bbox 837 1836 1009 1922; x_wconf 88' lang='lat' dir='ltr'>profundo,</span> 
     </span>
    </p>

    <p class='ocr_par' dir='ltr' id='par_1_5' title="bbox 191 1921 1094 2422">
     <span class='ocr_line' id='line_1_18' title="bbox 194 1921 1003 2009; baseline 0.001 -23"><span class='ocrx_word' id='word_1_98' title='bbox 194 1921 232 1986; x_wconf 92' lang='lat' dir='ltr'>In</span> <span class='ocrx_word' id='word_1_99' title='bbox 255 1942 320 2008; x_wconf 94' lang='lat' dir='ltr'>quo</span> <span class='ocrx_word' id='word_1_100' title='bbox 341 1923 531 2008; x_wconf 83' lang='lat' dir='ltr'>martyrium</span> <span class='ocrx_word' id='word_1_101' title='bbox 555 1925 789 1988; x_wconf 81' lang='lat' dir='ltr'>consummavit</span> <span class='ocrx_word' id='word_1_102' title='bbox 810 1924 1003 2009; x_wconf 72' lang='lat' dir='ltr'>pretiosum</span> 
     </span>
     <span class='ocr_line' id='line_1_19' title="bbox 194 2008 991 2094; baseline 0.001 -22"><span class='ocrx_word' id='word_1_103' title='bbox 194 2008 455 2094; x_wconf 81' lang='lat' dir='ltr'>Transiliensque</span> <span class='ocrx_word' id='word_1_104' title='bbox 478 2009 551 2073; x_wconf 83' lang='lat' dir='ltr'>viae</span> <span class='ocrx_word' id='word_1_105' title='bbox 575 2009 668 2074; x_wconf 88' lang='lat' dir='ltr'>citius</span> <span class='ocrx_word' id='word_1_106' title='bbox 691 2009 755 2074; x_wconf 94' lang='lat' dir='ltr'>duo</span> <span class='ocrx_word' id='word_1_107' title='bbox 778 2010 868 2074; x_wconf 87' lang='lat' dir='ltr'>milia</span> <span class='ocrx_word' id='word_1_108' title='bbox 890 2009 991 2074; x_wconf 89' lang='lat' dir='ltr'>durae</span> 
     </span>
     <span class='ocr_line' id='line_1_20' title="bbox 191 2093 1094 2182; baseline 0.002 -24"><span class='ocrx_word' id='word_1_109' title='bbox 191 2094 289 2159; x_wconf 88' lang='lat' dir='ltr'>Venit</span> <span class='ocrx_word' id='word_1_110' title='bbox 310 2093 457 2180; x_wconf 88' lang='lat' dir='ltr'>adusque</span> <span class='ocrx_word' id='word_1_111' title='bbox 480 2095 587 2159; x_wconf 92' lang='lat' dir='ltr'>locum</span> <span class='ocrx_word' id='word_1_112' title='bbox 609 2096 768 2161; x_wconf 84' lang='lat' dir='ltr'>servando</span> <span class='ocrx_word' id='word_1_113' title='bbox 792 2116 927 2182; x_wconf 89' lang='lat' dir='ltr'>corpore</span> <span class='ocrx_word' id='word_1_114' title='bbox 951 2096 1094 2182; x_wconf 92' lang='lat' dir='ltr'>dignum.</span> 
     </span>
     <span class='ocr_line' id='line_1_21' title="bbox 192 2179 1079 2269; baseline 0.002 -24"><span class='ocrx_word' id='word_1_115' title='bbox 192 2180 295 2254; x_wconf 87' lang='lat' dir='ltr'>Quem</span> <span class='ocrx_word' id='word_1_116' title='bbox 319 2179 572 2246; x_wconf 86' lang='lat' dir='ltr'>descendentem</span> <span class='ocrx_word' id='word_1_117' title='bbox 595 2203 754 2269; x_wconf 89' lang='lat' dir='ltr'>cursuque</span> <span class='ocrx_word' id='word_1_118' title='bbox 778 2183 840 2248; x_wconf 91' lang='lat' dir='ltr'>cito</span> <span class='ocrx_word' id='word_1_119' title='bbox 864 2182 1079 2268; x_wconf 87' lang='lat' dir='ltr'>gradientem,</span> 
     </span>
     <span class='ocr_line' id='line_1_22' title="bbox 197 2266 932 2354; baseline 0.003 -22"><span class='ocrx_word' id='word_1_120' title='bbox 197 2266 320 2333; x_wconf 82' lang='lat' dir='ltr'>Coetus</span> <span class='ocrx_word' id='word_1_121' title='bbox 342 2269 480 2354; x_wconf 80' lang='lat' dir='ltr'>angelici</span> <span class='ocrx_word' id='word_1_122' title='bbox 504 2269 698 2333; x_wconf 90' lang='lat' dir='ltr'>comitantur</span> <span class='ocrx_word' id='word_1_123' title='bbox 719 2271 792 2334; x_wconf 92' lang='lat' dir='ltr'>luce</span> <span class='ocrx_word' id='word_1_124' title='bbox 814 2271 932 2351; x_wconf 90' lang='lat' dir='ltr'>sereni,</span> 
     </span>
     <span class='ocr_line' id='line_1_23' title="bbox 192 2354 888 2422; baseline 0.003 -2"><span class='ocrx_word' id='word_1_125' title='bbox 192 2355 337 2420; x_wconf 78' lang='lat' dir='ltr'>Alleluia</span> <span class='ocrx_word' id='word_1_126' title='bbox 359 2354 422 2419; x_wconf 91' lang='lat' dir='ltr'>deo</span> <span class='ocrx_word' id='word_1_127' title='bbox 445 2361 635 2420; x_wconf 88' lang='lat' dir='ltr'>resonantes</span> <span class='ocrx_word' id='word_1_128' title='bbox 657 2376 738 2420; x_wconf 84' lang='lat' dir='ltr'>voce</span> <span class='ocrx_word' id='word_1_129' title='bbox 761 2377 888 2422; x_wconf 87' lang='lat' dir='ltr'>sonora.</span> 
     </span>
    </p>

    <p class='ocr_par' dir='ltr' id='par_1_6' title="bbox 188 2440 1336 2876">
     <span class='ocr_line' id='line_1_24' title="bbox 232 2440 973 2526; baseline 0.004 -22"><span class='ocrx_word' id='word_1_130' title='bbox 232 2440 296 2505; x_wconf 94' lang='lat' dir='ltr'>His</span> <span class='ocrx_word' id='word_1_131' title='bbox 317 2441 417 2526; x_wconf 90' lang='lat' dir='ltr'>signis</span> <span class='ocrx_word' id='word_1_132' title='bbox 438 2441 543 2524; x_wconf 87' lang='lat' dir='ltr'>factis,</span> <span class='ocrx_word' id='word_1_133' title='bbox 567 2443 718 2506; x_wconf 80' lang='lat' dir='ltr'>convenit</span> <span class='ocrx_word' id='word_1_134' title='bbox 740 2442 836 2507; x_wconf 85' lang='lat' dir='ltr'>turba</span> <span class='ocrx_word' id='word_1_135' title='bbox 857 2442 973 2524; x_wconf 87' lang='lat' dir='ltr'>tidelis,</span> 
     </span>
     <span class='ocr_line' id='line_1_25' title="bbox 190 2525 1067 2615; baseline 0 -24"><span class='ocrx_word' id='word_1_136' title='bbox 190 2525 343 2613; x_wconf 83' lang='lat' dir='ltr'>Martyris</span> <span class='ocrx_word' id='word_1_137' title='bbox 365 2534 463 2613; x_wconf 90' lang='lat' dir='ltr'>atque</span> <span class='ocrx_word' id='word_1_138' title='bbox 485 2528 558 2592; x_wconf 90' lang='lat' dir='ltr'>loco</span> <span class='ocrx_word' id='word_1_139' title='bbox 581 2527 768 2594; x_wconf 86' lang='lat' dir='ltr'>venerabile</span> <span class='ocrx_word' id='word_1_140' title='bbox 792 2550 908 2614; x_wconf 91' lang='lat' dir='ltr'>corpus</span> <span class='ocrx_word' id='word_1_141' title='bbox 930 2530 963 2593; x_wconf 93' lang='lat' dir='ltr'>iu</span> <span class='ocrx_word' id='word_1_142' title='bbox 985 2530 1067 2615; x_wconf 89' lang='lat' dir='ltr'>ipso,</span> 
     </span>
     <span class='ocr_line' id='line_1_26' title="bbox 194 2613 1336 2702; baseline 0.003 -23"><span class='ocrx_word' id='word_1_143' title='bbox 194 2613 301 2687; x_wconf 86' lang='lat' dir='ltr'>Quem</span> <span class='ocrx_word' id='word_1_144' title='bbox 324 2613 386 2678; x_wconf 90' lang='lat' dir='ltr'>sibi</span> <span class='ocrx_word' id='word_1_145' title='bbox 408 2615 557 2700; x_wconf 86' lang='lat' dir='ltr'>signavit,</span> <span class='ocrx_word' id='word_1_146' title='bbox 580 2621 749 2701; x_wconf 88' lang='lat' dir='ltr'>cumpost</span> <span class='ocrx_word' id='word_1_147' title='bbox 771 2636 901 2700; x_wconf 89' lang='lat' dir='ltr'>gressus</span> <span class='ocrx_word' id='word_1_148' title='bbox 923 2615 1093 2702; x_wconf 81' lang='lat' dir='ltr'>requievit,</span> <span class='ocrx_word' id='word_1_149' title='bbox 1223 2615 1336 2682; x_wconf 53' lang='grc' dir='ltr'>ΜΝ*</span> 
     </span>
     <span class='ocr_line' id='line_1_27' title="bbox 188 2700 1067 2789; baseline 0.005 -25"><span class='ocrx_word' id='word_1_150' title='bbox 188 2700 380 2787; x_wconf 84' lang='lat' dir='ltr'>impositum</span> <span class='ocrx_word' id='word_1_151' title='bbox 403 2700 538 2782; x_wconf 82' lang='lat' dir='ltr'>tumulo,</span> <span class='ocrx_word' id='word_1_152' title='bbox 561 2708 735 2766; x_wconf 83' lang='lat' dir='ltr'>veneratur</span> <span class='ocrx_word' id='word_1_153' title='bbox 756 2702 880 2767; x_wconf 90' lang='lat' dir='ltr'>honore</span> <span class='ocrx_word' id='word_1_154' title='bbox 904 2723 1067 2789; x_wconf 92' lang='lat' dir='ltr'>supremo,</span> 
     </span>
     <span class='ocr_line' id='line_1_28' title="bbox 190 2785 951 2876; baseline 0.005 -25"><span class='ocrx_word' id='word_1_155' title='bbox 190 2785 357 2873; x_wconf 83' lang='lat' dir='ltr'>Exequias</span> <span class='ocrx_word' id='word_1_156' title='bbox 379 2789 461 2851; x_wconf 89' lang='lat' dir='ltr'>tanti</span> <span class='ocrx_word' id='word_1_157' title='bbox 483 2789 572 2852; x_wconf 91' lang='lat' dir='ltr'>luctu</span> <span class='ocrx_word' id='word_1_158' title='bbox 594 2787 792 2853; x_wconf 89' lang='lat' dir='ltr'>celebrando</span> <span class='ocrx_word' id='word_1_159' title='bbox 814 2791 951 2876; x_wconf 86' lang='lat' dir='ltr'>patroni.</span> 
     </span>
    </p>

    <p class='ocr_par' dir='ltr' id='par_1_7' title="bbox 189 2873 913 2960">
     <span class='ocr_line' id='line_1_29' title="bbox 189 2873 913 2960; baseline 0.003 -23"><span class='ocrx_word' id='word_1_160' title='bbox 189 2873 261 2939; x_wconf 90' lang='lat' dir='ltr'>Illic</span> <span class='ocrx_word' id='word_1_161' title='bbox 282 2894 342 2960; x_wconf 93' lang='lat' dir='ltr'>pro</span> <span class='ocrx_word' id='word_1_162' title='bbox 364 2874 489 2939; x_wconf 89' lang='lat' dir='ltr'>meritis</span> <span class='ocrx_word' id='word_1_163' title='bbox 512 2875 581 2938; x_wconf 88' lang='lat' dir='ltr'>eius</span> <span class='ocrx_word' id='word_1_164' title='bbox 604 2875 697 2940; x_wconf 89' lang='lat' dir='ltr'>testis</span> <span class='ocrx_word' id='word_1_165' title='bbox 719 2874 913 2940; x_wconf 82' lang='lat' dir='ltr'>venerandis</span> 
     </span>
    </p>

    <p class='ocr_par' dir='ltr' id='par_1_8' title="bbox 190 2958 937 3047">
     <span class='ocr_line' id='line_1_30' title="bbox 190 2958 937 3047; baseline 0.003 -23"><span class='ocrx_word' id='word_1_166' title='bbox 190 2958 338 3025; x_wconf 79' lang='lat' dir='ltr'>Christus</span> <span class='ocrx_word' id='word_1_167' title='bbox 359 2961 495 3025; x_wconf 82' lang='lat' dir='ltr'>virtutes</span> <span class='ocrx_word' id='word_1_168' title='bbox 518 2960 595 3026; x_wconf 84' lang='lat' dir='ltr'>lecit</span> <span class='ocrx_word' id='word_1_169' title='bbox 617 2962 797 3026; x_wconf 86' lang='lat' dir='ltr'>clarescere</span> <span class='ocrx_word' id='word_1_170' title='bbox 820 2963 937 3047; x_wconf 89' lang='lat' dir='ltr'>signis;</span> 
     </span>
    </p>

    <p class='ocr_par' dir='ltr' id='par_1_9' title="bbox 187 3044 1087 3306">
     <span class='ocr_line' id='line_1_31' title="bbox 187 3044 1087 3134; baseline 0 -24"><span class='ocrx_word' id='word_1_171' title='bbox 187 3044 273 3111; x_wconf 87' lang='lat' dir='ltr'>Nam</span> <span class='ocrx_word' id='word_1_172' title='bbox 296 3047 383 3111; x_wconf 81' lang='lat' dir='ltr'>visus</span> <span class='ocrx_word' id='word_1_173' title='bbox 408 3046 509 3130; x_wconf 92' lang='lat' dir='ltr'>(usus)</span> <span class='ocrx_word' id='word_1_174' title='bbox 535 3049 651 3129; x_wconf 88' lang='lat' dir='ltr'>caecis,</span> <span class='ocrx_word' id='word_1_175' title='bbox 674 3048 805 3132; x_wconf 89' lang='lat' dir='ltr'>linguae</span> <span class='ocrx_word' id='word_1_176' title='bbox 830 3069 891 3134; x_wconf 91' lang='lat' dir='ltr'>qno</span> <span class='ocrx_word' id='word_1_177' title='bbox 916 3066 957 3112; x_wconf 91' lang='lat' dir='ltr'>ue</span> <span class='ocrx_word' id='word_1_178' title='bbox 980 3046 1087 3127; x_wconf 89' lang='lat' dir='ltr'>mutis,</span> 
     </span>
     <span class='ocr_line' id='line_1_32' title="bbox 188 3070 1009 3220; baseline 0 -23"><span class='ocrx_word' id='word_1_179' title='bbox 188 3132 330 3198; x_wconf 81' lang='lat' dir='ltr'>Auditus</span> <span class='ocrx_word' id='word_1_180' title='bbox 352 3132 467 3215; x_wconf 88' lang='lat' dir='ltr'>surdis,</span> <span class='ocrx_word' id='word_1_181' title='bbox 491 3134 613 3199; x_wconf 88' lang='lat' dir='ltr'>solidus</span> <span class='ocrx_word' id='word_1_182' title='bbox 635 3155 831 3220; x_wconf 89' lang='lat' dir='ltr'>gressusque</span> <span class='ocrx_word' id='word_1_183' title='bbox 853 3070 942 3220; x_wconf 74' lang='lat' dir='ltr'>poda</span> <span class='ocrx_word' id='word_1_184' title='bbox 983 3133 1009 3197; x_wconf 87' lang='lat' dir='ltr'>&#39;s</span> 
     </span>
     <span class='ocr_line' id='line_1_33' title="bbox 188 3219 1001 3306; baseline 0.001 -22"><span class='ocrx_word' id='word_1_185' title='bbox 188 3219 288 3285; x_wconf 85' lang='lat' dir='ltr'>Teste</span> <span class='ocrx_word' id='word_1_186' title='bbox 311 3227 467 3306; x_wconf 92' lang='lat' dir='ltr'>precante</span> <span class='ocrx_word' id='word_1_187' title='bbox 491 3241 583 3286; x_wconf 91' lang='lat' dir='ltr'>sacro</span> <span class='ocrx_word' id='word_1_188' title='bbox 607 3219 745 3286; x_wconf 86' lang='lat' dir='ltr'>donatur</span> <span class='ocrx_word' id='word_1_189' title='bbox 768 3220 912 3286; x_wconf 89' lang='lat' dir='ltr'>crebrius</span> <span class='ocrx_word' id='word_1_190' title='bbox 933 3222 945 3286; x_wconf 94' lang='lat' dir='ltr'>i</span> <span class='ocrx_word' id='word_1_191' title='bbox 971 3241 1001 3303; x_wconf 91' lang='lat' dir='ltr'>o,</span> 
     </span>
    </p>

    <p class='ocr_par' dir='ltr' id='par_1_10' title="bbox 185 3304 1050 3633">
     <span class='ocr_line' id='line_1_34' title="bbox 188 3304 883 3393; baseline 0.001 -23"><span class='ocrx_word' id='word_1_192' title='bbox 188 3304 243 3387; x_wconf 77' lang='lat' dir='ltr'>ut,</span> <span class='ocrx_word' id='word_1_193' title='bbox 265 3307 362 3371; x_wconf 80' lang='lat' dir='ltr'>uariis</span> <span class='ocrx_word' id='word_1_194' title='bbox 385 3307 477 3392; x_wconf 91' lang='lat' dir='ltr'>aegri</span> <span class='ocrx_word' id='word_1_195' title='bbox 499 3307 621 3372; x_wconf 89' lang='lat' dir='ltr'>morbis</span> <span class='ocrx_word' id='word_1_196' title='bbox 644 3308 699 3393; x_wconf 93' lang='lat' dir='ltr'>qui</span> <span class='ocrx_word' id='word_1_197' title='bbox 722 3307 883 3372; x_wconf 89' lang='lat' dir='ltr'>debilitati</span> 
     </span>
     <span class='ocr_line' id='line_1_35' title="bbox 186 3391 1021 3474; baseline -0.004 -17"><span class='ocrx_word' id='word_1_198' title='bbox 186 3391 384 3474; x_wconf 86' lang='lat' dir='ltr'>Adveuiunt,</span> <span class='ocrx_word' id='word_1_199' title='bbox 406 3394 486 3458; x_wconf 90' lang='lat' dir='ltr'>laeti</span> <span class='ocrx_word' id='word_1_200' title='bbox 508 3394 663 3460; x_wconf 90' lang='lat' dir='ltr'>membris</span> <span class='ocrx_word' id='word_1_201' title='bbox 685 3394 826 3459; x_wconf 90' lang='lat' dir='ltr'>redeunt</span> <span class='ocrx_word' id='word_1_202' title='bbox 847 3392 1021 3459; x_wconf 84' lang='lat' dir='ltr'>renovatis.</span> 
     </span>
     <span class='ocr_line' id='line_1_36' title="bbox 185 3478 1050 3566; baseline -0.002 -22"><span class='ocrx_word' id='word_1_203' title='bbox 185 3478 251 3544; x_wconf 87' lang='lat' dir='ltr'>Hic</span> <span class='ocrx_word' id='word_1_204' title='bbox 274 3500 404 3566; x_wconf 90' lang='lat' dir='ltr'>quoque</span> <span class='ocrx_word' id='word_1_205' title='bbox 426 3501 492 3545; x_wconf 94' lang='lat' dir='ltr'>non</span> <span class='ocrx_word' id='word_1_206' title='bbox 514 3502 588 3546; x_wconf 89' lang='lat' dir='ltr'>raro</span> <span class='ocrx_word' id='word_1_207' title='bbox 611 3482 743 3546; x_wconf 86' lang='lat' dir='ltr'>maestis</span> <span class='ocrx_word' id='word_1_208' title='bbox 766 3480 925 3546; x_wconf 89' lang='lat' dir='ltr'>solamina</span> <span class='ocrx_word' id='word_1_209' title='bbox 946 3484 1050 3565; x_wconf 88' lang='lat' dir='ltr'>grata,</span> 
     </span>
     <span class='ocr_line' id='line_1_37' title="bbox 185 3565 984 3633; baseline 0.001 -3"><span class='ocrx_word' id='word_1_210' title='bbox 185 3565 231 3630; x_wconf 80' lang='lat' dir='ltr'>Et</span> <span class='ocrx_word' id='word_1_211' title='bbox 252 3587 368 3631; x_wconf 92' lang='lat' dir='ltr'>munus</span> <span class='ocrx_word' id='word_1_212' title='bbox 389 3569 505 3632; x_wconf 82' lang='lat' dir='ltr'>reniae</span> <span class='ocrx_word' id='word_1_213' title='bbox 529 3567 698 3633; x_wconf 89' lang='lat' dir='ltr'>scelerosis</span> <span class='ocrx_word' id='word_1_214' title='bbox 721 3569 823 3632; x_wconf 83' lang='lat' dir='ltr'>fertur</span> <span class='ocrx_word' id='word_1_215' title='bbox 845 3567 887 3632; x_wconf 90' lang='lat' dir='ltr'>ab</span> <span class='ocrx_word' id='word_1_216' title='bbox 908 3586 984 3631; x_wconf 90' lang='lat' dir='ltr'>arce</span> 
     </span>
    </p>

    <p class='ocr_par' dir='ltr' id='par_1_11' title="bbox 185 3651 1119 3827">
     <span class='ocr_line' id='line_1_38' title="bbox 185 3651 1084 3740; baseline -0.001 -24"><span class='ocrx_word' id='word_1_217' title='bbox 185 3651 260 3735; x_wconf 88' lang='lat' dir='ltr'>His,</span> <span class='ocrx_word' id='word_1_218' title='bbox 284 3654 339 3738; x_wconf 90' lang='lat' dir='ltr'>qui</span> <span class='ocrx_word' id='word_1_219' title='bbox 361 3674 453 3718; x_wconf 90' lang='lat' dir='ltr'>sacra</span> <span class='ocrx_word' id='word_1_220' title='bbox 475 3674 610 3740; x_wconf 92' lang='lat' dir='ltr'>precum</span> <span class='ocrx_word' id='word_1_221' title='bbox 632 3654 833 3740; x_wconf 81' lang='lat' dir='ltr'>profundunt</span> <span class='ocrx_word' id='word_1_222' title='bbox 854 3659 931 3719; x_wconf 84' lang='lat' dir='ltr'>uota</span> <span class='ocrx_word' id='word_1_223' title='bbox 954 3671 1084 3717; x_wconf 90' lang='lat' dir='ltr'>suarum</span> 
     </span>
     <span class='ocr_line' id='line_1_39' title="bbox 187 3737 1119 3827; baseline -0.003 -25"><span class='ocrx_word' id='word_1_224' title='bbox 187 3737 341 3825; x_wconf 79' lang='lat' dir='ltr'>Martyris</span> <span class='ocrx_word' id='word_1_225' title='bbox 363 3740 406 3804; x_wconf 91' lang='lat' dir='ltr'>ad</span> <span class='ocrx_word' id='word_1_226' title='bbox 428 3741 597 3822; x_wconf 84' lang='lat' dir='ltr'>tumulum,</span> <span class='ocrx_word' id='word_1_227' title='bbox 620 3742 785 3827; x_wconf 89' lang='lat' dir='ltr'>proprium</span> <span class='ocrx_word' id='word_1_228' title='bbox 809 3739 960 3806; x_wconf 90' lang='lat' dir='ltr'>deflendo</span> <span class='ocrx_word' id='word_1_229' title='bbox 982 3745 1119 3804; x_wconf 90' lang='lat' dir='ltr'>reatum.</span> 
     </span>
    </p>
   </div>
   <div class='ocr_carea' id='block_1_3' title="bbox 145 3925 1224 4118">
    <p class='ocr_par' dir='ltr' id='par_1_12' title="bbox 145 3925 1224 4118">
     <span class='ocr_line' id='line_1_40' title="bbox 164 3925 1224 3999; baseline -0.001 -19"><span class='ocrx_word' id='word_1_230' title='bbox 164 3926 216 3981; x_wconf 72' lang='lat'>231</span> <span class='ocrx_word' id='word_1_231' title='bbox 268 3939 323 3982; x_wconf 81' lang='lat' dir='ltr'>rtas</span> <span class='ocrx_word' id='word_1_232' title='bbox 340 3931 372 3981; x_wconf 85' lang='lat' dir='ltr'><em>M</em></span> <span class='ocrx_word' id='word_1_233' title='bbox 440 3933 508 3984; x_wconf 84' lang='lat' dir='ltr'>limis</span> <span class='ocrx_word' id='word_1_234' title='bbox 526 3932 568 3983; x_wconf 74' lang='grc' dir='ltr'>Μι</span> <span class='ocrx_word' id='word_1_235' title='bbox 668 3930 721 3984; x_wconf 77' lang='lat'>233</span> <span class='ocrx_word' id='word_1_236' title='bbox 739 3934 865 3999; x_wconf 87' lang='lat' dir='ltr'>praetium</span> <span class='ocrx_word' id='word_1_237' title='bbox 885 3930 916 3982; x_wconf 80' lang='grc' dir='ltr'><em>Μ</em></span> <span class='ocrx_word' id='word_1_238' title='bbox 1014 3927 1066 3983; x_wconf 74' lang='lat'>235</span> <span class='ocrx_word' id='word_1_239' title='bbox 1084 3925 1172 3996; x_wconf 73' lang='lat' dir='ltr'>⁸qu</span> <span class='ocrx_word' id='word_1_240' title='bbox 1190 3928 1224 3979; x_wconf 82' lang='lat' dir='ltr'><em>M</em></span> 
     </span>
     <span class='ocr_line' id='line_1_41' title="bbox 145 3994 1222 4118; baseline -0.002 -66"><span class='ocrx_word' id='word_1_241' title='bbox 145 3994 256 4118; x_wconf 56' lang='lat' dir='ltr'>ddecet</span> <span class='ocrx_word' id='word_1_242' title='bbox 314 3997 366 4052; x_wconf 76' lang='lat'>246</span> <span class='ocrx_word' id='word_1_243' title='bbox 383 4018 449 4054; x_wconf 85' lang='lat' dir='ltr'>usus</span> <span class='ocrx_word' id='word_1_244' title='bbox 467 4002 574 4068; x_wconf 52' lang='lat' dir='ltr'>occide</span> <span class='ocrx_word' id='word_1_245' title='bbox 590 4002 697 4070; x_wconf 77' lang='lat' dir='ltr'>linguae</span> <span class='ocrx_word' id='word_1_246' title='bbox 717 3998 824 4069; x_wconf 85' lang='lat' dir='ltr'>(sermo)</span> <span class='ocrx_word' id='word_1_247' title='bbox 845 4001 925 4055; x_wconf 69' lang='lat' dir='ltr'>(letter</span> <span class='ocrx_word' id='word_1_248' title='bbox 998 3996 1222 4051; x_wconf 66' lang='lat' dir='ltr'>assumturus</span> 
     </span>
    </p>
   </div>
   <div class='ocr_carea' id='block_1_4' title="bbox 131 4218 1220 4412">
    <p class='ocr_par' dir='ltr' id='par_1_13' title="bbox 131 4218 1220 4412">
     <span class='ocr_line' id='line_1_42' title="bbox 163 4218 1218 4292; baseline 0.001 -20"><span class='ocrx_word' id='word_1_249' title='bbox 163 4218 217 4273; x_wconf 74' lang='lat'>220</span> <span class='ocrx_word' id='word_1_250' title='bbox 238 4223 271 4289; x_wconf 68' lang='lat' dir='ltr'>cf.</span> <span class='ocrx_word' id='word_1_251' title='bbox 297 4223 365 4290; x_wconf 76' lang='lat' dir='ltr'>Apa.</span> <span class='ocrx_word' id='word_1_252' title='bbox 376 4225 432 4276; x_wconf 80' lang='lat'><strong><em>335.</em></strong></span> <span class='ocrx_word' id='word_1_253' title='bbox 519 4221 632 4291; x_wconf 78' lang='lat' dir='ltr'>229rqq.</span> <span class='ocrx_word' id='word_1_254' title='bbox 655 4228 690 4292; x_wconf 78' lang='lat' dir='ltr'>cs.</span> <span class='ocrx_word' id='word_1_255' title='bbox 711 4225 817 4291; x_wconf 81' lang='lat' dir='ltr'>Koepkc</span> <span class='ocrx_word' id='word_1_256' title='bbox 835 4243 865 4292; x_wconf 82' lang='lat' dir='ltr'>p.</span> <span class='ocrx_word' id='word_1_257' title='bbox 878 4227 917 4279; x_wconf 80' lang='lat'>66.</span> <span class='ocrx_word' id='word_1_258' title='bbox 1004 4221 1055 4277; x_wconf 75' lang='grc'>237</span> <span class='ocrx_word' id='word_1_259' title='bbox 1081 4223 1116 4290; x_wconf 76' lang='lat' dir='ltr'>cs.</span> <span class='ocrx_word' id='word_1_260' title='bbox 1135 4219 1218 4273; x_wconf 66' lang='lat' dir='ltr'>Perre</span> 
     </span>
     <span class='ocr_line' id='line_1_43' title="bbox 131 4289 1220 4412; baseline 0 -69"><span class='ocrx_word' id='word_1_261' title='bbox 131 4289 225 4412; x_wconf 55' lang='lat' dir='ltr'>‚⁰3⁵2ae</span> <span class='ocrx_word' id='word_1_262' title='bbox 242 4293 366 4360; x_wconf 81' lang='lat' dir='ltr'>angelicis</span> <span class='ocrx_word' id='word_1_263' title='bbox 384 4294 536 4346; x_wconf 76' lang='lat' dir='ltr'>comitatum</span> <span class='ocrx_word' id='word_1_264' title='bbox 554 4297 678 4348; x_wconf 86' lang='lat' dir='ltr'>coetibus.</span> <span class='ocrx_word' id='word_1_265' title='bbox 768 4293 821 4347; x_wconf 78' lang='lat'>239</span> <span class='ocrx_word' id='word_1_266' title='bbox 839 4295 874 4362; x_wconf 73' lang='lat' dir='ltr'>cs.</span> <span class='ocrx_word' id='word_1_267' title='bbox 891 4292 957 4346; x_wconf 82' lang='lat' dir='ltr'>Boe.</span> <span class='ocrx_word' id='word_1_268' title='bbox 967 4295 1022 4347; x_wconf 73' lang='lat'>261.</span> <span class='ocrx_word' id='word_1_269' title='bbox 1113 4289 1167 4345; x_wconf 70' lang='lat'>243</span> <span class='ocrx_word' id='word_1_270' title='bbox 1184 4292 1220 4359; x_wconf 76' lang='lat' dir='ltr'>cf.</span> 
     </span>
    </p>
   </div>
   <div class='ocr_carea' id='block_1_5' title="bbox 0 0 1460 5024">
    <p class='ocr_par' dir='ltr' id='par_1_14' title="bbox 0 0 1460 5024">
     <span class='ocr_line' id='line_1_44' title="bbox 0 0 1460 5024; baseline 0 5"><span class='ocrx_word' id='word_1_271' title='bbox 0 0 1460 5024; x_wconf 95' lang='lat' dir='ltr'> </span> 
     </span>
    </p>
   </div>
  </div>
 </body>
</html>
