2910 5024
620 335 881 392 HROTSVITHAE
901 336 1029 392 OPERA.

369 508 513 573 caelitus
536 508 691 594 angelicis
714 506 870 574 deductus
893 510 1036 574 suaviter
1057 510 1197 595 hymnis,

368 596 488 660 Indicis
511 603 544 658 et
565 597 644 672 veri,
668 594 749 657 caeli
772 617 869 682 super
892 604 978 660 astra
1000 597 1110 679 locati,

367 682 396 746 Ε
420 681 536 746 dextra
559 681 693 745 nitidam
715 685 857 767 suscepit
879 703 1021 767 congrue
1044 684 1188 769 palmam

367 769 431 832 Pro
454 789 535 832 nece
559 768 693 831 martirii
715 768 878 833 laudando
901 769 963 833 fine
988 771 1123 855 peracti.

369 854 436 919 Sed
457 877 519 919 nec
543 855 695 918 ferventis
718 854 830 919 bravio
853 855 1022 920 fraudatur
1043 858 1174 937 amoris,

370 941 441 1014 Quo
465 948 571 1006 semet
594 941 705 1004 vinclis
727 962 786 1025 pro
809 944 875 1006 vita
898 941 1038 1027 denique
1062 944 1164 1029 patris

367 1028 528 1114 Inpendit,
552 1028 689 1112 patriam
712 1028 859 1111 linquens
882 1037 1079 1114 gentemque
1103 1029 1287 1094 subactam.

368 1114 515 1179 Tandem
538 1114 625 1177 nulla
648 1114 708 1198 piis
730 1116 815 1199 potis
839 1121 888 1178 est
911 1114 1104 1201 depromere
1127 1117 1240 1181 verbis

369 1200 508 1285 Lingula
530 1200 709 1264 laureolam
733 1203 865 1264 caelesti
887 1202 960 1266 luce
984 1222 1162 1283 coruscam,

369 1286 441 1359 Qua
463 1288 548 1352 bene
572 1296 700 1349 servata
723 1287 827 1372 fulget
849 1308 906 1373 pro
929 1289 1125 1372 virginitate,

368 1373 548 1437 Adiunctus
572 1374 694 1452 turmis,
718 1374 852 1437 caelesti
874 1373 952 1438 sede
976 1382 1137 1460 receptus,

368 1460 399 1522 A
424 1481 465 1523 no
490 1467 659 1524 cantamen
683 1459 879 1523 modulando
902 1462 1099 1545 perenniter.
1122 1466 1248 1527 Amen.

441 1555 588 1630 ostquam
612 1546 741 1608 lictores
764 1548 850 1629 regis
875 1546 1006 1610 decreta
1028 1556 1207 1634 sequentes

367 1631 504 1696 Funeris
528 1634 660 1695 exuvias
685 1633 819 1697 extincti
842 1642 892 1696 sat
915 1654 1090 1718 generosas

367 1719 578 1804 Limpharum
601 1720 724 1802 gremio
750 1719 884 1782 credunt
906 1721 939 1783 in
962 1741 1107 1806 saxaque
1130 1722 1249 1806 figunt.

369 1805 414 1868 Ut
436 1807 518 1869 sacri
541 1806 665 1868 tumulo
690 1807 814 1869 cineres
837 1814 945 1870 essent
968 1807 1036 1871 sine
1060 1806 1170 1893 digno,

368 1890 523 1971 Christus,
547 1894 600 1977 qni
623 1894 769 1976 proprios
792 1894 911 1977 patitur
933 1914 997 1957 non
1019 1892 1159 1979 perdere
1183 1902 1323 1958 sanctos
1410 1904 1449 1967 fol

368 1978 531 2043 Praeclari
553 1977 715 2042 modicum
739 1980 852 2064 capitis
877 1981 929 2044 vel
951 1980 1035 2044 forte
1062 1982 1230 2066 capillum.

368 2064 443 2128 Non
466 2066 592 2128 tulitin
615 2066 737 2149 limpha
761 2074 878 2129 testam
902 2087 1071 2130 remanere
1094 2067 1241 2133 fidelem.

370 2152 422 2215 llli
445 2152 504 2215 sed
527 2151 659 2235 dignum
682 2153 817 2236 provisit
838 2155 899 2216 rite
922 2153 1084 2232 locellum,

370 2237 432 2310 Qui
455 2239 555 2302 saneti
580 2238 702 2300 tumulo
726 2246 871 2302 servaret
893 2239 1039 2303 membra
1061 2248 1202 2305 sacrata.

412 2323 496 2388 Nam
519 2327 706 2409 piscatores,
730 2325 867 2410 limphas
889 2327 986 2389 remis
1010 2334 1199 2391 resecantes

369 2412 641 2496 Fluctivagosque
666 2431 783 2495 greges
808 2413 903 2475 variis
926 2412 1051 2497 laqueis
1074 2414 1259 2499 capientes,

369 2499 487 2563 Litoris
511 2505 658 2561 extrema
682 2498 830 2561 viderunt
853 2519 969 2583 corpus
992 2500 1024 2562 in
1047 2518 1105 2562 ora

370 2586 460 2649 Inter
484 2584 694 2668 grandisonas
717 2586 832 2669 agitari
856 2586 994 2648 martiris
1017 2584 1129 2649 undas.

371 2672 504 2736 Eminus
527 2672 589 2735 hoe
613 2672 714 2733 cautis
737 2680 907 2734 cernentes
929 2692 1047 2756 nempe
1070 2693 1114 2757 pu
1137 2672 1213 2751 illis,

371 2759 443 2822 lllic
466 2758 539 2821 vela
562 2756 693 2836 dabant,
717 2759 809 2820 citius
833 2778 1014 2907 corpusque
1036 2693 1202 2823 levadant

368 2844 438 2908 Nec
460 2845 525 2907 iam
548 2865 705 2928 personae
728 2851 864 2907 noscunt
901 2864 1024 2907 ormam
1048 2844 1273 2925 venerandae,

371 2932 458 2994 Illita
480 2952 643 3016 purpureo
667 2931 795 2994 fuerant
818 2931 893 3015 quia
916 2931 1073 3015 sanguine
1096 2932 1248 2997 membra

370 3017 412 3080 Et
436 3024 533 3102 eaput
557 3019 724 3100 egregium
748 3019 846 3080 iacuit
868 3018 978 3102 procul
1003 3037 1098 3082 amne
1122 3019 1301 3083 revulsum.

369 3103 435 3167 Sed
447 3112 556 3167 tamen
572 3104 633 3167 hoc
645 3105 782 3187 sapiunt,
799 3111 947 3190 prompto
961 3125 1090 3189 quoque
1106 3112 1245 3189 pectore
1257 3104 1406 3171 credunt.

372 3190 467 3263 Quod
490 3190 552 3271 hic,
578 3193 719 3275 quisquis
743 3197 823 3269 erat,
848 3187 965 3253 Christi
988 3211 1047 3275 pro
1070 3191 1145 3276 lege
1169 3190 1325 3259 cadebat.

371 3276 441 3340 lllic
465 3277 498 3339 hi
521 3278 579 3339 soli
604 3279 679 3362 quia
703 3277 894 3340 damnantur
916 3278 1047 3361 capitali

370 3363 512 3429 Poenae.
537 3365 590 3447 qui
614 3385 705 3427 sacra
728 3365 817 3427 tincti
841 3363 1043 3448 baptismatis
1065 3361 1153 3427 unda

369 3448 443 3512 Non
466 3456 613 3512 metuunt
636 3451 749 3513 erebro
773 3451 858 3531 regis
881 3449 1125 3534 reprehendere
1148 3470 1254 3516 sacra.

413 3534 559 3619 Cumque
585 3543 681 3620 caput
703 3538 926 3600 nanciscentes
950 3536 1099 3621 colloque
1121 3536 1271 3601 locantes

370 3621 497 3705 Pelagii
521 3624 635 3685 facicm
660 3634 880 3706 cognoverunt
903 3624 1099 3695 rutilantem,

346 3794 600 3862 totsupsrsicll
694 3796 741 3847 311
763 3797 915 3848 celastisd!
1010 3796 1063 3848 315
1080 3794 1403 3864 mmmm-esta

261 3865 408 3916 volumina
427 3884 489 3916 saxa
507 3866 620 3930 tigurrtl)
634 3865 676 3923 J!,·
695 3882 794 3931 saxosi„
805 3868 837 3931 p¹
925 3864 978 3917 3⁶20
995 3867 1107 3932 providit
1126 3866 1209 3917 Celtae
1287 3864 1403 3919 331111·

262 3934 376 3985 ureretd!
452 3934 819 4000 328111111111,1111111111
897 3933 946 3986 331
965 3933 1027 3986 cred
1047 3935 1085 3997 ll,
1105 3936 1182 3987 crede
1194 3951 1217 4000 p
1286 3932 1343 3988 332

262 4005 318 4069 laga
336 4005 430 4055 Christi
450 4005 491 4062 lh
510 4007 544 4070 cs'.
564 4004 619 4054 Pel.
632 4011 681 4054 184
751 4005 801 4055 331
820 4007 921 4056 Poenas
939 4005 1043 4069 scripsi:
1061 4006 1131 4057 Pena
1150 4004 1195 4064 dh
1212 4005 1305 4057 Poena
1323 4002 1348 4054 t'

261 4070 312 4123 336
331 4075 538 4123 nancissecentes
559 4074 590 4122 J!

347 4190 399 4244 311)
418 4154 614 4261 εἷ’,ἆι-ιῑΒΩἲ.
698 4192 747 4243 311
767 4196 800 4261 cf.
820 4203 869 4244 oct.
888 4204 969 4258 oport.
990 4198 1071 4256 11334
1089 4195 1152 4261 quie
1169 4194 1269 4246 nullius
1287 4206 1396 4247 rm!

261 4278 293 4313 ca
312 4262 372 4313 illus
391 4264 421 4313 ds
440 4266 524 4331 capita
542 4264 642 4330 peribit.
734 4262 785 4313 323
803 4266 838 4330 cf.
858 4263 940 4313 Prud.
960 4264 1026 4314 cath.
1045 4267 1112 4327 3,OE
1128 4264 1284 4331 fluctivagos
1299 4278 1394 4332 grogn

261 4278 314 4383 3³5
331 4334 366 4397 cs.
383 4331 454 4399 l'crq.
474 4334 566 4398 Georp.
581 4333 696 4383 ll'523.
