2910 5024
501 343 569 399 113.
589 341 766 400 &umam
1147 345 1197 400 145

10 524 40 587 28
142 520 365 585 Foaronarus.
409 515 454 597 si,
478 521 515 579 ut
537 516 664 597 asseris,
687 515 848 580 Drusiana
869 537 923 580 me
945 517 1119 599 suscitavit,
1139 517 1144 602 Ι
1164 523 1220 581 et*

57 606 268 674 Calimachus
284 603 413 670 Christo
429 601 576 682 eredidit,
597 601 601 685 Ι
621 603 720 667 vitam
735 602 871 689 repudio
891 609 1095 690 mortemque
1111 605 1197 689 eligo

58 699 188 780 sponte,
209 697 215 774 Ι
235 691 311 778 quia
338 691 424 755 malo
451 709 516 753 non
545 707 629 771 esse,
650 688 654 772 Ι
674 709 771 775 quam
797 691 831 753 in
852 690 902 754 his
924 697 1049 756 tantam
1070 690 1196 756 habun-

59 782 177 846 danter
199 781 354 843 virtutum
376 777 515 862 gratiam
537 775 748 858 sentiscere!

10 867 35 929 a
143 866 312 932 lounnnes.
356 861 599 928 Osdmiranda
629 860 749 927 diaboli
778 861 915 943 invidia,
945 863 1109 927 omalitic
1130 883 1198 927 ser·
1228 886 1241 925 a

58 954 166 1040 pontis
181 952 316 1037 antiqui,
333 950 438 1036 quiet
452 949 662 1035 protoplastis
677 954 816 1013 mortem
831 950 1015 1036 propinavit
1031 948 1035 1034 Ι
1053 956 1088 1014 et
1102 968 1201 1036 super

57 1043 216 1105 iustorum
233 1037 338 1122 gloria
352 1055 483 1121 semper
497 1035 611 1120 gemit!
631 1034 634 1118 Ι
652 1034 719 1099 Isto
734 1035 971 1101 infelicissimus
985 1036 1181 1100 Fortunatus
1194 1035 1199 1120 Ι

59 1126 244 1192 diabolicae
267 1122 488 1188 amaritudinis
512 1122 589 1186 felle
613 1122 817 1207 plenissimus
837 1126 841 1204 Ι
862 1127 1068 1209 comparatur
1092 1123 1200 1187 malae

58 1213 169 1278 arbori
189 1213 194 1294 Ι
215 1230 343 1275 amaros
371 1209 492 1272 fructus
526 1208 666 1272 facienti.
693 1209 697 1292 Ι
721 1208 832 1289 Unde,
860 1210 987 1273 excisus
1016 1230 1036 1274 a
1063 1209 1201 1295 collegio

57 1303 217 1364 iustorum
240 1299 244 1380 Ι
263 1303 297 1361 et
318 1295 464 1360 abiectus
488 1314 508 1358 a
525 1295 687 1359 consortio
704 1294 802 1360 deum
819 1296 1010 1379 timentium,
1031 1296 1035 1380 Ι
1055 1297 1202 1360 mittatur
1219 1323 1244 1362 ro

60 1389 94 1452 in
123 1385 249 1448 aeterni
274 1384 284 1446 i
331 1403 382 1446 em
412 1381 574 1466 supplicii,
596 1381 600 1463 Ι
620 1381 809 1445 cruciandus
837 1383 907 1446 sine
936 1382 1070 1447 alicuius
1099 1383 1200 1447 inter-

61 1472 221 1537 mixtione
244 1489 279 1534 ra
312 1468 439 1554 'gerii'
1220 1483 1268 1550 fol.
1282 1487 1346 1535 101¹

10 1550 35 1610 θ
148 1555 380 1621 Μυιιοκιειῑυε.
403 1553 501 1633 Ecce,
517 1553 776 1638 turgescentibus
790 1553 794 1638 Ι
808 1555 1000 1640 serpentinis
1015 1555 1184 1636 morsibus,
1197 1555 1200 1641 Ι

60 1645 106 1710 ad
129 1663 281 1707 occasum
303 1661 410 1705 rursus
432 1641 577 1726 vergitur
596 1640 600 1723 Ι
622 1646 655 1704 et
678 1641 771 1705 citius
795 1640 881 1705 dicto
903 1642 1093 1722 monianum!

150 1728 315 1795 letrannus.
359 1726 517 1791 Moriatur
532 1727 637 1812 sitque
651 1727 758 1791 incola
772 1727 954 1812 gehennae,
974 1730 979 1811 Ι
1000 1728 1054 1814 qui
1069 1733 1203 1814 propter
1221 1752 1246 1791 ιε»

60 1816 162 1882 alieni
184 1812 337 1879 invidiam
359 1813 524 1898 profectus
546 1814 708 1878 recusavit
729 1814 847 1878 vivere.
869 1814 874 1895 Ι

151 1901 383 1965 Anononrcnus
429 1899 624 1980 Terribile!

10 1975 42 2102 ΙΙ·
124 1987 318 2156 bIor'rnnnus.
366 1985 455 2050 Nihil
481 1984 655 2050 terribilius
683 1984 801 2066 invido,
821 1989 827 2066 Ι
846 1986 925 2050 nihil
953 1986 1121 2050 scelestius
1149 2006 1203 2050 su-

86 2095 125 2139 er
148 2093 178 2138 o.

62 2096 84 2162 p
151 2160 381 2223 Anononrunus.
427 2157 574 2242 Uterque
596 2157 797 2223 miserabilis.
1221 2181 1248 2220 ao

152 2245 317 2310 Ionnnnns.
340 2243 414 2307 Una
430 2242 611 2329 eademque
626 2263 765 2329 persona
779 2250 916 2330 utroque
932 2265 1062 2332 semper
1076 2245 1203 2310 laborat

62 2333 155 2410 vitio,
175 2334 181 2411 Ι
201 2331 277 2416 quia
299 2337 447 2394 neutrum
470 2331 540 2393 sine
563 2331 676 2394 altero.
697 2330 702 2412 Ι

156 2417 411 2502 (Anononrcnus.)
457 2415 595 2502 Expone
620 2416 827 2480 enucleatius.

157 2501 349 2586 (loannes.)
396 2501 480 2566 Nam
504 2503 557 2588 qui
579 2502 740 2588 superbit,
768 2501 904 2581 invidet,
935 2507 968 2566 et
995 2504 1049 2589 qui
1071 2503 1203 2585 invidet,

66 2589 224 2677 superbit,
249 2589 324 2673 quia
345 2607 436 2652 mens
458 2587 577 2671 invida,
602 2587 678 2653 dum
701 2590 841 2653 alienam
856 2587 986 2652 laudem
1009 2610 1070 2654 nec
1085 2591 1206 2676 patitur
1223 2611 1248 2650 as

65 2676 193 2754 audire,
213 2679 219 2754 Ι
239 2682 272 2739 et
294 2675 327 2738 in
350 2677 399 2739 sui
414 2676 655 2760 comparatione
671 2676 883 2760 perfectiores
900 2675 1002 2739 ambit
1016 2676 1202 2762 vilesceret

66 2763 264 2848 dedignatur
291 2761 392 2826 subici
419 2760 618 2845 dignioribus
637 2765 642 2841 Ι
663 2768 696 2826 et
723 2762 863 2848 superbe
894 2769 1028 2826 conatur
1050 2763 1206 2849 praeferri

67 2848 308 2935 comparibus!

154 2935 385 2999 Anononrcnus.
430 2932 537 2997 Patet.

11 3012 44 3078 ³2
154 3020 319 3086 letrannus.
376 3018 471 3082 Unde
505 3019 566 3082 iste
601 3019 799 3083 miserrimus
826 3020 1056 3085 vulnerabatur
1085 3026 1204 3100 mente,
1224 3044 1250 3082 ao

66 3109 145 3196 quia
168 3126 204 3170 se
220 3105 269 3169 his
291 3105 476 3169 inferiorern
506 3105 670 3169 aestimari
692 3125 756 3169 non
784 3106 943 3189 sustinuit,
964 3109 969 3190 Ι
989 3108 1022 3171 in
1045 3107 1115 3192 quis
1137 3126 1205 3170 am-

65 3196 205 3282 pliorem
230 3190 442 3276 deigratiam
466 3192 574 3256 lucere
597 3212 660 3255 non
682 3193 827 3256 nescivit.
848 3193 853 3275 Ι

154 3279 386 3344 Anononrcnus.
436 3277 530 3342 Nunc
558 3277 690 3342 tandem
718 3279 887 3362 intellego,
917 3278 1004 3364 quod
1030 3279 1115 3342 inter
1136 3299 1205 3342 sur-

65 3373 186 3454 gentes
209 3365 341 3428 minime
365 3369 415 3428 est
439 3371 654 3452 computatus,
675 3367 680 3445 Ι
701 3366 775 3450 quia
798 3367 885 3429 ocius
909 3372 979 3429 erat
1001 3366 1181 3429 moriturus.
1201 3363 1204 3447 Ι

154 3451 321 3516 lonnnnns.
378 3450 503 3535 Dignus
540 3457 589 3515 est
624 3453 710 3515 enim
742 3456 879 3537 utraque
911 3458 1029 3529 morte,
1065 3452 1140 3537 quia
1175 3458 1208 3515 et
1226 3479 1251 3521 ss

68 3536 334 3604 commendatum
357 3537 452 3601 funus
468 3537 634 3603 afficiebat
648 3537 773 3612 iniuria,
799 3544 832 3602 et
846 3545 1052 3623 resurgentes
1067 3539 1184 3602 iniusto
1203 3537 1206 3618 Ι

67 3623 290 3690 insectabatur
313 3622 423 3703 odio!

156 3713 391 3775 Anononrcnus.
436 3708 555 3772 Infelix
578 3716 629 3773 est
650 3714 804 3774 mortuus.
826 3709 830 3790 Ι

10 3800 42 3865 i3
152 3797 320 3861 Ionnnnns.
369 3795 576 3859 Recedamus
601 3800 606 3875 Ι
631 3816 788 3898 suumque
823 3794 953 3861 diabolo
980 3795 1080 3859 filium
1111 3795 1207 3858 relin-

71 3903 218 3970 quamus.
240 3886 246 3961 Ι
265 3881 333 3946 Nos
356 3888 466 3946 autem
491 3881 576 3946 diem
601 3883 708 3964 istum,
732 3889 766 3946 et
785 3902 844 3967 pro
868 3880 1014 3946 miranda
1033 3880 1209 3945 Oalimachi
1226 3914 1254 3952 40

155 4056 173 4109 2
197 4057 280 4106 vitam
304 4056 409 4122 repudio
425 4051 430 4120 Ι
445 4063 604 4120 mortemque
627 4063 717 4121 sponte
739 4056 807 4122 eligo
822 4055 826 4118 Ι
842 4055 916 4120 M¹p²
1008 4051 1025 4105 3
1046 4062 1145 4106 tantam
1168 4053 1212 4117 (ea

65 4138 168 4180 tanturn
196 4125 279 4189 corr.)
302 4123 456 4176 habundant
479 4119 508 4187 (i.
526 4140 547 4175 e.
572 4128 649 4180 -ntarl
674 4125 710 4175 sic
735 4124 778 4186 M,·
799 4131 900 4176 tantum
918 4141 940 4189 p
1027 4122 1044 4175 9
1065 4125 1150 4176 ardori
1167 4124 1211 4175 w

65 4195 146 4263 23η.
167 4197 358 4246 Anononrcnus
376 4201 401 4244 et
418 4195 549 4243 Ionannrs
567 4193 630 4244 odd.
650 4191 731 4245 Celtas

150 4331 223 4397 Bos.
244 4329 308 4382 Luc.
321 4333 442 4397 13‚6sqq.

115 4422 315 4473 nsorsvrrmn
332 4430 423 4470 omna
1020 4413 1055 4470 10
