2910 5024
179 725 244 800 Qui
267 726 347 791 velit
371 728 558 814 exemplum
581 727 699 791 veniae
722 728 954 814 comprendere
978 739 1101 797 certum

140 810 273 879 Necnon
295 814 389 899 larga
412 813 465 878 dei
487 813 621 899 pietatis
643 835 779 879 munera
799 816 919 901 magni,

139 899 276 966 Pectore
299 900 476 965 versiculos
499 900 658 965 submisso
680 902 831 988 perlegat
852 903 941 985 istos,

139 984 203 1052 Nec
225 986 378 1072 fragilem
399 987 472 1069 vilis
495 1007 611 1051 sexum
633 994 765 1072 spernat
786 989 940 1071 mulieris,

139 1072 230 1148 Quae
252 1072 360 1159 fragili
383 1071 533 1137 modulos
556 1074 682 1138 calamo
705 1080 894 1140 cantaverat
914 1076 1003 1157 istos,

139 1158 206 1224 Sed
228 1179 326 1245 mage
350 1160 526 1225 caelestem
550 1159 669 1225 Christi
690 1160 803 1225 laudet
823 1162 992 1248 pietatem,

139 1244 200 1320 Qui
222 1266 289 1310 non
310 1247 380 1310 vult
403 1246 501 1332 digna
522 1253 697 1333 peccantes
720 1246 859 1333 perdere
880 1268 998 1335 poeno,

139 1331 205 1397 Sed
251 1334 301 1397 lus
323 1353 366 1419 pe
407 1340 504 1398 etuae
528 1353 701 1398 conversos
722 1333 862 1399 reddere
883 1335 986 1399 ritae:

139 1418 211 1484 [lau
235 1439 293 1484 ens
315 1354 487 1505 gaNNebit3
511 1419 599 1505 quod
621 1439 734 1484 verum
757 1427 843 1486 stare
866 1421 1029 1506 probabit,

139 1504 289 1592 Quisquis
310 1513 519 1593 praesentem
542 1512 764 1593 perscmtatur
785 1509 953 1572 rationem.

180 1882 355 1969 Tempore,
377 1882 516 1949 Basilius
539 1905 603 1970 quo
625 1885 675 1950 vir
696 1883 866 1950 virtutibus
888 1885 992 1950 almus

139 1968 284 2034 Rexerat
307 1970 479 2035 ecclesiam
501 1972 586 2037 iusto
609 1971 831 2037 moderamine
853 1978 997 2037 sanctam

139 2054 259 2120 Sedem
281 2058 417 2121 rectoris
439 2059 570 2122 sortitus
593 2056 823 2140 Caesariensis,
1168 2068 1216 2134 sol.
1231 2072 1280 2121 err

139 2141 197 2207 Vir
218 2143 297 2207 satis
319 2143 450 2208 illustris
473 2144 617 2228 degebat
637 2146 783 2230 partibus
803 2145 878 2227 illis,

139 2226 276 2293 Nomine
298 2229 475 2313 Proterius,
498 2237 614 2296 cuntae
636 2231 726 2317 plebi
747 2230 961 2314 venerandus,

139 2313 317 2381 Nobilitate
340 2323 468 2402 potens,
492 2317 609 2403 opibus
631 2338 738 2383 rerum
762 2338 891 2404 quoque
913 2318 1050 2404 pollens.

139 2399 239 2466 Unica
262 2402 395 2467 feminei
417 2424 515 2468 sexus
537 2405 647 2491 proles
669 2405 729 2468 fuit
750 2405 798 2468 illi

139 2486 222 2571 (Nec
244 2489 327 2553 alius
350 2489 583 2555 substantiolae
606 2491 725 2556 mansit
747 2491 808 2557 sibi
829 2511 969 2576 magnae

139 2574 271 2660 Heres),
295 2596 392 2661 quam
414 2584 503 2641 certe
528 2583 641 2642 tenero
665 2576 780 2642 dilexit
803 2597 929 2654 amore;

139 2661 335 2748 Affectuque
357 2663 412 2748 pio
434 2684 560 2728 necnon
582 2666 706 2748 pietate
729 2671 867 2750 patema

140 2747 275 2834 Optans,
299 2749 371 2833 plus
395 2751 535 2814 animam
557 2756 656 2815 natae
679 2772 856 2836 numquam
877 2751 1068 2814 morituram

139 2833 253 2901 Ornari
274 2837 412 2920 gemmis
433 2837 601 2922 perfectae
623 2839 826 2923 virginitatis,

139 2920 242 2995 Quam
266 2942 383 3007 corpus
406 2943 528 3008 pompa
550 2923 661 2988 mundi
683 2925 821 2989 mortale
844 2923 977 3004 caduca,

141 3007 272 3074 curavit
294 3010 393 3072 sacris
414 3009 518 3095 ipsam
541 3011 665 3075 sociare
687 3011 814 3097 puellis,

139 3094 230 3169 Quae
255 3096 465 3180 consignatae
490 3095 619 3161 Christo
643 3097 802 3162 velamine
826 3115 917 3160 sacro

139 3180 295 3247 Coenobii
318 3182 465 3247 claustris
488 3184 610 3268 pariter
632 3188 801 3248 servantur
822 3184 856 3248 in
878 3183 965 3246 artis.

177 3267 303 3332 Doctor
325 3267 385 3334 sed
408 3269 576 3352 scelerum,
600 3271 654 3355 qui
678 3269 808 3355 decepit
829 3270 1076 3370 protoplastum,

139 3351 339 3419 Detestando
364 3355 424 3419 viri
446 3362 558 3420 votum
580 3356 744 3421 laudabile
767 3357 852 3439 iusti,

139 3439 242 3527 Ipsius
265 3462 323 3526 pro
347 3442 431 3506 rium
454 3442 531 3507 fecit
554 3443 738 3508 fervescere
761 3463 890 3508 servum

139 3526 173 3591 ln
196 3548 296 3614 supra
319 3463 425 3593 Notae
450 3528 620 3594 dementer
643 3549 754 3594 amore
776 3530 917 3616 puellae.

139 3612 198 3688 Qui
220 3615 314 3678 nimis
336 3614 460 3696 infelix,
485 3617 615 3702 spiculis
637 3617 802 3701 perfossus
824 3616 952 3696 amoris,

139 3699 207 3774 Quo
230 3702 335 3786 magis
361 3701 510 3783 ardescit,
534 3710 623 3767 tanto
646 3703 719 3788 plus
743 3703 841 3768 corde
863 3701 1013 3782 tabescit,

139 3785 307 3873 Indignum
330 3808 365 3853 se
388 3790 537 3875 coniugio
561 3791 707 3854 meminit
730 3792 804 3876 quia
827 3797 917 3854 tanto

139 3991 237 4030 asum&
273 3975 381 4030 luclut
398 3981 544 4047 exemplum
562 3981 624 4032 ueni
642 3981 675 4030 Μ
743 3980 774 4032 11
793 3978 949 4032 calomoM¹
1021 3976 1055 4031 33
1072 3980 1168 4032 Doctor

139 4055 186 4111 tor,
204 4048 351 4112 cmbtprmm
367 4048 398 4098 Μ
416 4046 531 4112 (Ductor
543 4050 577 4116 p)
664 4048 698 4102 36
717 4050 856 4102 elementer
874 4049 908 4099 Μ

139 4200 198 4271 les.
222 4204 403 4269 Theopb.150.
492 4203 526 4256 18
543 4207 577 4272 cf.
593 4214 654 4272 pact.
667 4209 692 4258 8.
770 4203 805 4258 20
823 4213 847 4258 ct
864 4201 899 4256 22
916 4206 951 4271 cs.
975 4204 1166 4271 Tbcopb.3sq.

139 4278 300 4405 &ddum
319 4272 535 4410 cssgrfpsn.adr⁶d.9¹
610 4273 643 4327 31
662 4272 698 4341 ef.
716 4274 1003 4343 A9r1.10,prim.322.
1079 4272 1114 4326 33
1131 4275 1165 4342 cs.
