2910 5024
154 347 206 401 212
299 358 309 377 ν
521 324 783 399 uuossvinns's
800 343 930 399 ornus.

261 517 358 585 Esset
380 515 422 579 ab
445 514 589 579 adversis
611 516 827 581 circumdatus
848 516 993 603 undique
1018 522 1147 601 turmis,
1235 544 1281 583 aa·

262 605 400 688 Insuper
422 608 518 686 atque
542 602 652 688 fugam
675 604 826 688 propriae
848 604 950 690 partis
971 604 1059 669 male
1083 606 1204 675 iseum

262 691 400 755 Pectore
423 690 581 751 maerenti
604 689 704 753 ferret
726 690 925 776 nimiumque
948 689 1085 773 dolenti,

263 776 406 841 Credere
429 795 490 838 nec
512 776 623 859 paucis
645 795 718 839 sese
740 783 966 861 praesumeret
986 778 1078 879 ipsis,

262 863 358 927 Illum
382 862 436 947 qui
458 861 589 944 reliquis
610 882 676 925 non
698 860 872 927 deseruere
894 864 1043 950 relapsis,

265 949 373 1033 Saepe
389 953 477 1012 ratus
492 953 627 1027 tantum,
643 968 679 1011 se
696 968 772 1011 mox
787 950 932 1034 grauiter
945 952 1156 1017 moriturum:
1236 972 1286 1013 aa·

265 1035 363 1099 Ocius
385 1034 495 1098 auxilii
519 1033 617 1097 fultus
639 1034 757 1098 virtute
780 1036 922 1121 superni,

262 1122 400 1186 Miratur
421 1119 536 1184 turbae
558 1140 593 1183 se
616 1121 681 1183 iam
703 1141 741 1183 su
766 1140 858 1185 erare
881 1130 1036 1187 cruentae

263 1208 385 1272 Tantas
406 1206 530 1292 absque
553 1225 632 1270 suae
655 1206 726 1270 lrau
751 1227 787 1270 es
809 1207 994 1273 discrimine
1016 1210 1118 1275 vitae.
1298 1228 1344 1279 1-

262 1295 308 1358 At
330 1295 357 1357 si
379 1294 462 1357 sorte
484 1313 569 1372 suos,
592 1313 703 1378 pugna
725 1301 892 1359 crescente
914 1295 1056 1377 sinistra,

264 1380 399 1444 Audiuit
420 1380 525 1443 socios
547 1380 637 1443 letali
660 1379 793 1444 vulnere
815 1381 934 1461 laesos,
1235 1400 1287 1447 (rur

263 1466 426 1531 Praedioti
448 1466 535 1549 regis
557 1466 728 1530 lacrimans
749 1486 828 1530 mox
850 1468 951 1532 utitur
971 1466 1066 1549 orsis,

265 1552 357 1627 Quae
381 1572 529 1616 maerens
552 1551 643 1629 dixit,
666 1552 748 1616 tristi
770 1573 843 1617 cum
867 1560 1001 1639 pectore
1024 1552 1129 1619 sensit

262 1640 385 1704 Ictibus
407 1637 545 1722 angelici
567 1658 610 1723 po
634 1638 721 1701 ulum
745 1637 846 1723 gladii
868 1639 1064 1725 periturum:

263 1725 336 1808 ‘En,
359 1726 413 1809 qui
436 1725 579 1810 peccavi,
603 1659 694 1805 dixit,
718 1722 906 1811 facinusque
928 1726 1061 1827 peregi;

264 1812 351 1877 Hine
374 1831 391 1874 e
417 1830 436 1873 o
459 1809 618 1874 vindictae
642 1809 758 1895 dignus
775 1832 847 1875 sum
870 1811 1012 1898 demque
1027 1815 1157 1877 tanus!
1233 1828 1344 1893 ‹us-5

265 1899 310 1963 Hi
334 1832 415 1983 quid
435 1897 592 1973 lecerunt,
616 1895 768 1960 damnum
792 1897 846 1983 qui
868 1898 935 1963 tale
958 1898 1125 1963 tulerunt?

265 1986 335 2049 Iam
358 2004 452 2064 nunc,
476 1982 614 2061 Christe,
638 1984 701 2046 tuis
724 2004 860 2068 parcens
881 1985 1037 2050 miserere
1061 1981 1245 2069 redemptis,

264 2072 315 2136 Ne
338 2077 466 2156 premat
487 2070 632 2132 insontes
653 2069 737 2133 iusto
760 2070 833 2154 plus
855 2070 903 2135 vis
924 2070 1087 2137 inimical’

264 2158 335 2221 Has
358 2158 367 2219 i
394 2157 456 2219 'tur
477 2156 626 2239 preculas
647 2155 804 2220 miserans
826 2156 934 2222 divina
957 2164 1105 2243 potestas

265 2244 367 2308 Parce
394 2249 428 2305 et
449 2243 535 2325 regis
558 2242 653 2305 solita
675 2243 799 2326 pietate
822 2243 986 2323 ministris,
1232 2258 1325 2315 ‹sa-4:

264 2330 308 2394 Et
331 2328 421 2392 dedit
444 2349 462 2391 o
487 2336 589 2391 tetum
612 2329 769 2391 miserans
792 2349 835 2392 ex
856 2328 951 2394 hoste
974 2326 1183 2417 triumphum,

264 2417 355 2481 Iusto
379 2351 561 2500 praedictos
583 2415 719 2479 comites
742 2415 893 2480 examine
915 2415 1068 2501 perdens.

264 2503 341 2589 Ipso
364 2521 503 2586 namque
528 2500 591 2581 die,
614 2521 688 2586 quo,
712 2500 843 2587 decepti
863 2522 967 2567 vacua
988 2522 1060 2589 spe,

267 2591 449 2674 Speraverc
473 2588 539 2651 suis
561 2586 845 2672 constringendum
866 2588 938 2653 iore
959 2588 1075 2654 vinclis

265 2676 404 2759 Regem,
428 2675 482 2758 qui
504 2674 619 2737 merito
642 2674 746 2738 tenuit
766 2674 892 2759 regalia
914 2682 1056 2761 sceptra,
1234 2688 1292 2737 ωε)

265 2761 318 2826 Ex
339 2761 501 2845 inproviso
524 2780 656 2845 praeses
679 2767 873 2846 proruperat
895 2760 981 2842 Udo,

266 2845 470 2912 Adducendo
494 2846 625 2931 quidem
648 2848 782 2910 multam
804 2867 915 2912 seeum
937 2848 970 2911 le
995 2847 1115 2929 'onem,

265 2936 315 2999 Ac
338 2933 436 2997 subiit
458 2932 598 2996 validum
623 2933 697 2996 forti
719 2933 893 2998 luctamine
915 2932 971 2999 bel
984 2954 1057 3005 um:

266 3021 336 3085 Noc
359 3040 460 3098 more,
483 3040 654 3104 percussus
675 3020 772 3105 periit
793 3018 910 3104 gladiis
931 3016 1152 3099 Evurhurdus,

268 3106 472 3171 Gislberhtus
488 3107 593 3170 saevis
609 3104 736 3189 fugiens
751 3126 881 3191 quoquc
897 3106 1056 3191 mergitur
1068 3102 1171 3171 undis
1227 3118 1268 3163 Μ·

266 3194 313 3257 At
335 3213 393 3256 rex
416 3193 541 3256 interea
564 3193 667 3255 nescit
689 3199 755 3256 tum
777 3192 873 3257 fortia
894 3192 993 3273 bella,

267 3281 393 3343 Averso
417 3277 527 3363 quidni
549 3277 693 3343 residens
715 3278 748 3342 in
769 3278 863 3343 litore
886 3276 982 3360 Rani,
1263 3274 1344 3341 [Μ’

267 3365 337 3428 Nec
361 3372 435 3428 tunc
459 3364 570 3428 auxilii
593 3365 685 3429 scivit
707 3365 864 3430 solamina
886 3365 968 3430 tanti

267 3450 349 3530 lem,
371 3451 545 3515 miserante
569 3450 643 3530 deo,
667 3450 773 3515 subito
794 3472 872 3516 casn
893 3450 956 3516 sibi
976 3450 1087 3515 missa.

268 3536 418 3621 Denique
441 3536 516 3600 dum
540 3557 668 3622 pugnae
692 3538 792 3602 sensit
814 3536 998 3603 discrimina
1018 3542 1145 3617 tantae,
1223 3538 1267 3595 (⁸¹

266 3622 357 3686 Haut
378 3623 524 3707 gaudens
546 3624 746 3688 inimicorum
770 3623 811 3688 dc
834 3630 939 3689 morte
961 3643 1106 3703 suorum,

244 3782 296 3836 26⁴2
314 3786 394 3849 Saepo
411 3783 503 3846 scripsi
524 3790 595 3843 (cnm
618 3788 713 3835 2256.-
729 3784 984 3904 menardum&
1137 3819 1147 3846 ,
1170 3766 1268 3833 affl

921 3868 936 3903 e

159 3851 248 3916 smel-⁹
275 3854 324 3905 Sed
343 3852 386 3909 M:
412 3853 448 3901 sic
469 3861 492 3902 ee
514 3852 695 3903 comeum
717 3862 740 3904 ο,
758 3868 825 3917 pm
1135 3846 1185 3903 m
1203 3842 1269 3899 nd.

159 3922 220 4055 ἔξζέ
229 3920 387 4043 15227115533·
400 3920 518 3979 diremi,-
529 3922 687 3972 mansuum
698 3939 792 3973 nonum
804 3939 822 3972 a
832 3921 915 3975 cardia
924 3922 987 3973 hinc
997 3936 1048 3989 ego
1058 3918 1151 3985 incipit
1160 3910 1269 3985 Aplll.

245 4126 294 4178 au
306 4146 357 4193 sqq.
377 4131 411 4195 cs.
431 4127 632 4193 rep.1121,17.·
654 4144 702 4194 ego
719 4144 777 4179 sam
795 4127 840 4193 qui
858 4125 976 4194 manvi,
993 4142 1044 4195 ego
1060 4125 1150 4193 iniqua
1163 4120 1213 4191 ql:
1228 4108 1267 4171 'll

160 4197 206 4262 qui
223 4213 284 4247 oves
302 4206 376 4259 euru,
400 4198 461 4263 quid
480 4199 615 4248 iecerunt?
636 4204 763 4261 vertatur,
785 4198 906 4261 obsecro,
924 4211 1020 4247 manua
1036 4202 1085 4249 tua
1100 4200 1190 4247 mnus
1202 4184 1268 4241 ΙΝ

159 4274 247 4317 contra
260 4266 363 4315 domum
382 4268 460 4332 patris
478 4266 535 4316 mei.
597 4263 649 4316 278
667 4267 701 4330 cf.
723 4266 804 4331 dm.
819 4270 855 4317 75.
917 4262 1032 4331 980199.
1049 4264 1085 4333 ef.
1099 4270 1160 4333 μ
1171 4260 1267 4319 'lm-r

160 4332 244 4385 M.
260 4350 288 4399 p.
300 4335 355 4385 91⁸.
441 4332 554 4400 286399.
572 4336 606 4401 cs.
625 4334 709 4385 K-D.
722 4350 752 4400 p.
765 4338 842 4401 9205.
