2910 5024
538 381 593 436 13.
616 380 774 451 Gonpolfus.

196 556 273 623 Odis
296 556 369 643 quis
390 555 476 642 potis
499 560 549 620 est
571 553 677 640 dignis
699 574 780 640 opus
804 555 1034 641 omnipotentis

235 642 378 708 Artificis
401 640 513 707 mundi
534 642 747 791 aequiperare
771 639 834 723 dei,

194 729 254 804 Qui
276 749 362 795 nova
383 729 568 814 praeteritis
590 749 626 793 re
650 725 699 791 dit
719 748 784 791 non
808 726 937 792 dissona
959 728 1068 814 signis,

236 815 355 881 Omnia
377 835 438 901 per
461 815 605 900 genitum
628 814 738 878 saecla
759 834 877 899 regens
898 816 1084 901 proprium?

192 904 285 969 Haec
307 909 382 967 sunt
403 902 530 966 vimutis
550 901 703 987 propriae
725 901 890 982 miracula,
915 899 1053 984 Obriste,

234 989 297 1064 Qui
321 987 484 1075 quondam
506 989 627 1075 populo
650 993 764 1072 utpote
787 986 920 1053 Iudaico

191 1075 324 1142 Petram
346 1076 467 1139 iussisti
489 1075 604 1139 latices
627 1072 794 1139 effimdere
818 1072 928 1139 dulces

232 1162 277 1228 Et
299 1163 344 1226 fel
367 1162 458 1227 triste
479 1162 543 1226 laci
565 1159 659 1225 dulce
682 1161 860 1225 satisfieri.

192 1248 285 1330 Inde,
307 1248 481 1335 potestatis
501 1268 567 1313 non
588 1249 757 1322 inmemor,
781 1248 878 1325 alme,
901 1246 1052 1328 tonantis,

232 1335 306 1410 Qua
328 1356 436 1400 rerum
458 1335 573 1399 trinam
596 1336 665 1398 iure
688 1335 776 1419 regis
798 1335 990 1418 machinam,

191 1423 262 1488 Hoc
283 1442 369 1486 nunc
392 1428 426 1486 et
447 1422 564 1486 nostris
587 1421 719 1486 voluisti
741 1421 875 1485 credere
898 1423 991 1486 terris

231 1508 390 1574 Indicium
412 1528 551 1593 magnae
574 1508 683 1572 nobile
707 1506 874 1592 gloriolae,

193 1597 262 1671 Quo
287 1595 414 1660 discant
436 1601 576 1659 teretem
599 1592 757 1680 degentes
780 1614 879 1679 saepe
903 1615 962 1680 per
984 1596 1107 1678 orbem,

232 1682 280 1748 Te
304 1701 435 1767 semper
456 1681 561 1746 solum
584 1701 658 1747 esse
681 1680 779 1746 fuisse
804 1679 910 1744 deum.

191 1769 261 1835 Hoc
285 1788 414 1854 quoquc
437 1789 531 1846 nunc,
555 1767 642 1848 Iesu,
666 1765 784 1832 donum
807 1764 951 1830 concede
974 1774 1120 1854 precatu,

230 1855 354 1920 Abluat
376 1860 412 1918 ut
433 1855 564 1920 morbos
585 1854 648 1918 iste
669 1854 777 1938 liquor
798 1854 914 1934 varios,

192 1942 260 2016 Quo
284 1948 318 2006 te
342 1939 516 2006 dulcisonis
539 1938 711 2005 conlaudet
732 1940 867 2004 vocibus
891 1942 1004 2022 omnis,
1067 2008 1069 2013 ,

231 2027 294 2102 Qui
316 2048 352 2092 se
376 2027 535 2092 salvatum
558 2028 677 2092 sentiat
700 2034 734 2091 et
755 2026 921 2091 validum.²

192 2115 282 2180 llaec
304 2115 361 2195 ait,
384 2121 554 2179 atrocem
577 2115 723 2200 sequitur
744 2114 831 2178 salus
853 2113 940 2177 alma
962 2113 1160 2197 loquentem,

229 2201 346 2287 Fitque
370 2200 508 2265 salubris
530 2221 628 2286 aqua:
652 2200 723 2265 leus
746 2201 801 2287 pie
822 2201 864 2264 sit
885 2197 1030 2264 domino!
1212 2211 1262 2276 sol.
1275 2214 1328 2265 etv

189 2355 266 2419 Post
286 2354 370 2419 haec
392 2354 554 2441 pervasti
577 2353 715 2418 volitans
737 2355 800 2417 cito
824 2354 954 2418 elimata
976 2353 1087 2417 mundi

228 2440 393 2506 Proditrix
415 2440 499 2526 signi
522 2441 708 2504 samosatis
731 2441 842 2525 placiti

187 2528 259 2592 Non
281 2528 385 2592 solum
407 2528 529 2613 patrios
551 2527 699 2591 bortatur
721 2547 838 2612 nempe
862 2528 1002 2609 colonos,

228 2614 309 2688 Quis
331 2613 422 2701 fungi
445 2613 530 2678 dono
554 2614 689 2699 contigit
712 2614 878 2699 aurivago,

189 2700 255 2767 Sed
299 2721 407 2788 uoqne
430 2700 635 2787 languidolos
659 2698 699 2765 de
723 2700 899 2786 longinquo
921 2699 1112 2787 peregrinos

230 2789 283 2854 Un
308 2790 382 2874 ’que
406 2788 559 2852 collectos
582 2788 767 2851 accelerare
791 2788 871 2851 citos

186 2872 229 2939 Et
251 2875 339 2939 nullo
352 2875 467 3025 pretio
490 2872 670 2938 medicinae
694 2893 823 2938 sumere
847 2872 941 2954 dona,

226 2960 350 3027 Gusten
374 2981 394 3025 o
416 2967 541 3024 tantum
564 2960 707 3025 fonticuli
730 2959 903 3024 modicum.

185 3047 336 3113 Crebrius
358 3047 512 3111 incultam
535 3046 648 3111 videas
669 3046 884 3133 procumbere
907 3044 1046 3124 turbam,

226 3133 423 3200 Volventem
446 3133 594 3199 membra
615 3133 709 3198 litore
731 3131 929 3218 languilon,

183 3217 231 3283 Ut
252 3222 357 3306 possis
379 3220 475 3284 variis
498 3220 649 3284 obsessos
672 3219 807 3285 credere
830 3217 951 3283 morbis

226 3306 339 3372 Alione
362 3306 488 3371 Iudaici
510 3306 714 3393 languidolos
737 3306 859 3393 populi,

139 3545 212 3624 '286
229 3549 340 3602 Omnem
357 3549 420 3614 (se.
438 3552 516 3616 Omd)
533 3551 567 3602 Μ
633 3549 685 3603 269
704 3552 786 3603 lactea
804 3550 847 3602 M:
864 3550 978 3607 correxit
997 3549 1098 3616 Moyses
1116 3565 1213 3615 aquom

139 3616 214 3668 md.
232 3622 271 3683 17,
281 3622 311 3680 6,·
328 3635 398 3670 nam.
419 3622 516 3684 20,11,·
534 3622 569 3688 cs.
587 3620 656 3672 deut
674 3620 759 3686 8,16),
776 3620 819 3670 loc
834 3636 976 3686 nmquam
992 3619 1024 3670 dc
1037 3626 1116 3684 petro
1127 3619 1212 3670 eliacit

139 3686 170 3739 iel
183 3687 221 3737 sic
232 3686 267 3736 M
350 3686 459 3757 ttospe
469 3689 513 3740 Μ’
599 3687 650 3740 297
663 3691 759 3742 donum
776 3688 881 3754 scripsi:
897 3689 949 3740 dfio
967 3687 1001 3738 M
1014 3686 1043 3751 6.
1056 3704 1077 3738 e.
1096 3686 1213 3751 domino)

139 3755 296 3808 dulsonisll
364 3755 417 3810 303
434 3760 486 3810 aito
498 3759 619 3811 machina
630 3759 721 3810 mundi
733 3756 944 3824 dsmrrcm’ffl
956 3755 984 3809 0.
997 3755 1146 3820 tom.1Vp.
1157 3758 1211 3809 157.

156 3825 193 3893 cf·
217 3825 332 3893 Tdcopls
344 3832 372 3892 1,
392 3826 472 3879 Dion.
484 3831 539 3893 121,
551 3828 633 3895 prim.
647 3830 712 3889 3815
733 3828 879 3880 machinam
901 3827 953 3879 cito
970 3843 1004 3878 m.
1021 3825 1135 3876 Bomcb
1152 3825 1212 3878 coll.

146 3897 239 3947 met
255 3897 393 3962 Aprum,
410 3906 439 3948 et
455 3897 491 3949 ios·
507 3899 577 3950 trina
593 3914 680 3950 rerum
698 3897 820 3950 machina
837 3897 930 3964 lecim
1015 3893 1067 3948 Μ
1084 3894 1213 3961 registri

154 4096 209 4153 28⁷
232 4101 267 4168 cs.
289 4101 356 4154 vitos
377 4106 469 4167 c.1‚6.
558 4099 611 4155 290
631 4104 667 4170 cs.
690 4103 870 4167 encoma&
956 4100 1008 4155 292
1030 4104 1065 4171 cf.
1091 4103 1210 4171 ome.

139 4171 178 4237 cs.
201 4169 312 4222 Notberi
334 4187 384 4237 seq.
411 4171 443 4223 de
464 4181 546 4237 apost.
573 4171 610 4236 (o.
623 4175 674 4225 369
691 4172 818 4234 chraiu)
839 4171 870 4225 db
890 4180 957 4226 urae
978 4173 1068 4225 mundi
1089 4174 1210 4225 circulus.

139 4241 167 4308 ff.
183 4239 266 4307 θοῆς.
275 4243 334 4292 110.
432 4237 485 4292 ³04
496 4243 531 4309 cs.
546 4240 695 4308 Occulti,
713 4242 780 4309 Apa
792 4246 848 4307 118,
861 4243 941 4309 prim.
952 4245 1002 4295 339
1017 4240 1113 4306 (Prud.
1130 4243 1209 4308 steph.

143 4311 219 4361 tama
236 4325 298 4361 nam
310 4316 393 4362 terres
410 4311 438 4362 in
450 4326 538 4363 omnes
554 4311 715 4378 percucurrit
726 4311 871 4379 proditrix).
941 4309 993 4364 308
1010 4313 1045 4378 cs.
1065 4311 1135 4363 Mor.
1151 4315 1210 4364 618.

139 4380 173 4447 cs.
193 4376 250 4431 Pal.
262 4381 321 4431 3⁶7.
414 4377 465 4431 314
474 4397 526 4446 sqq.
544 4381 578 4447 cs.
597 4380 655 4432 Iob.
674 4397 710 4433 eu.
726 4383 838 4447 mm.
