2910 5024
521 338 781 393 unouswuunu
799 336 932 394 OPERA.

263 510 497 577 Concordando
522 530 601 575 snae
623 511 708 575 votis
730 528 825 574 carae
848 510 1024 595 genitricis,

263 598 542 682 Auxiliorum,
565 597 682 681 quibus
704 595 852 660 exhibuit
874 596 1081 679 famulatum,
1226 632 1271 671 aa.

156 712 194 752 ao
261 686 278 750 I
303 706 373 750 sum
396 684 576 769 virgineum
600 690 730 747 coetum
753 680 872 747 Christi
893 682 1090 749 famularum

293 772 360 835 ovit
382 771 569 845 clementer,
591 788 718 833 necnon
740 768 892 853 provexit
913 776 1073 837 amantor.

264 857 334 922 Nec
357 857 507 943 propriae
530 856 616 920 vitae
639 854 791 940 compelli
813 854 917 940 quivit
937 876 1063 937 eruore,

264 944 310 1008 Ut
332 943 384 1007 vel
407 962 464 1006 eas
486 941 603 1006 damno
626 939 788 1005 laedendo
812 946 964 1027 taugeret
984 942 1064 1023 ullo,

264 1030 328 1093 Vel
351 1029 455 1092 minus
476 1028 637 1113 impleret,
661 1047 745 1112 quac
766 1033 873 1091 mater
893 1026 994 1114 digna
1015 1029 1152 1095 iuberet.
1216 1052 1246 1089 as

265 1117 315 1180 Ac
339 1116 384 1180 sic
408 1133 580 1179 concessae
602 1113 734 1178 sibimet
755 1132 815 1199 per
836 1119 987 1199 tempora
1008 1116 1098 1181 ritae

265 1201 363 1266 Omni
382 1200 537 1265 ferventis
558 1199 681 1264 studuit
703 1200 873 1264 conamine
895 1200 1014 1265 mentis

265 1286 432 1352 Ooenobio
455 1293 664 1387 patronorum
686 1286 847 1371 praebere
869 1306 1002 1352 snorum

265 1373 281 1437 I
306 1374 371 1437 sius
393 1373 504 1437 auxilii
528 1392 658 1457 semper
679 1372 838 1436 tutamina
859 1373 955 1445 certi;

298 1480 336 1524 ec
356 1460 427 1522 vioe
451 1458 603 1523 terribilis
625 1458 725 1522 metui
748 1457 843 1543 petiit
863 1458 1010 1540 senioris,
1220 1474 1250 1515 ⁵⁸·

269 1544 337 1609 Sed
358 1545 443 1609 bene
466 1544 625 1608 mansneti
647 1544 802 1628 genitoris
823 1543 866 1608 ad
886 1545 990 1610 instar
1010 1546 1127 1611 amari:

266 1631 361 1695 Unde
384 1632 454 1695 loco
477 1650 543 1695 non
564 1631 713 1694 inmerito
736 1630 914 1715 permansit
933 1631 968 1695 iu
989 1632 1048 1696 illo

266 1717 435 1781 Hactenus
457 1717 591 1801 insignis
611 1718 683 1779 lans
704 1716 789 1780 illius
810 1717 954 1801 piatatis.

265 1803 334 1867 Nos
356 1822 484 1888 quoque
506 1809 675 1886 permotae
698 1807 809 1866 tantas
832 1800 1006 1867 dulcedine
1030 1802 1146 1883 ismse,

264 1888 413 1954 Necdum
435 1889 589 1953 maternis
611 1908 696 1973 quac
718 1894 794 1953 tuno
815 1888 1022 1975 prorupimus
1043 1888 1134 1967 alvis,
1214 1902 1252 1941 aa

269 1975 336 2041 Sed
358 1976 476 2039 luimus
499 1995 575 2040 vero
599 1975 695 2059 longo
718 1980 791 2059 post
812 1981 961 2060 tempore
983 1980 1093 2054 natae,

266 2061 357 2125 Haut
379 2062 483 2125 minus
505 2060 590 2124 illins
613 2065 798 2125 constanter
819 2080 930 2125 amore
951 2060 1139 2146 lingum

267 2146 370 2220 Quam
394 2167 478 2231 quae
500 2153 707 2297 praesentem
729 2146 1035 2232 contemplabantur
1055 2144 1186 2212 eunden

267 2235 312 2297 At
336 2254 377 2297 ue
400 2253 479 2297 enas
522 2233 592 2297 onis
614 2231 800 2297 ditabantur
822 2233 962 2318 pietatis.

343 2320 373 2383 io
395 2320 493 2402 igitur
514 2319 588 2382 talis
609 2319 799 2404 praeclarae
821 2319 870 2383 vir
914 2318 1037 2399 ietatis,
1217 2328 1248 2371 iffi

265 2404 328 2478 Qui
349 2406 421 2489 pins
443 2404 595 2468 urbicolis
618 2404 729 2469 tribuit
751 2404 839 2468 bona
906 2405 938 2468 ia
958 2404 1090 2483 nostris,

265 2490 371 2553 Morte
395 2490 443 2552 sni
465 2494 603 2552 matrem
625 2491 728 2552 nostri
751 2487 969 2574 domnamque
992 2496 1157 2574 potentem

268 2573 515 2639 Praeveniendo
538 2575 635 2659 prior,
658 2575 750 2639 vetiti
771 2594 830 2659 pro
852 2574 985 2639 crimine
1009 2574 1109 2661 perui,

265 2661 362 2735 Quod
384 2661 600 2747 protoplastes
623 2659 839 2745 degustavere
861 2666 1028 2747 parentes,

265 2748 403 2811 Exuimr
424 2746 578 2811 membris
599 2747 713 2811 limoso
737 2747 874 2811 stamine
896 2746 999 2811 textis
1218 2758 1258 2803 1⁵²·

265 2834 343 2982 bpm
367 2832 473 2915 dolor)
498 2838 596 2917 atque
620 2832 700 2898 seris
723 2831 837 2896 clausit
858 2852 917 2897 sus
938 2832 1064 2899 lumina
1085 2832 1196 2897 mertia

294 2926 370 2983 oetu
392 2925 572 2982 nostrarum
595 2918 855 2983 circumvallante
877 2938 1025 2985 sororum

265 3006 428 3069 Pemimio
451 3005 559 3069 domni
582 3004 660 3068 fletu
683 3006 802 3069 lectum
824 3005 982 3070 morituri.

266 3091 364 3156 (luins
387 3090 430 3155 ad
453 3092 609 3176 exequias
632 3111 756 3155 summo
779 3092 851 3155 uisu
873 3088 1089 3156 celebrandus

267 3176 418 3262 Undique
440 3183 602 3242 nostrates
624 3177 848 3242 confluxerunt
868 3177 1088 3255 lacrimantes,
1219 3186 1262 3229 ‘³⁴³‘

157 3288 196 3325 ao
264 3262 373 3347 Atque
396 3264 445 3327 sui
467 3264 590 3328 loetum
613 3264 679 3327 cari
701 3263 837 3328 senioris
858 3283 1004 3329 amarum

243 3449 295 3503 508
311 3453 383 3503 vocis
395 3452 424 3502 tt
491 3450 544 3504 510
560 3460 652 3503 certum
665 3453 799 3505 truentum
811 3452 854 3516 51,
868 3460 982 3505 ossuum
992 3448 1021 3503 11¹
1089 3450 1140 3505 511
1156 3444 1264 3517 potitii

157 3519 209 3571 515
227 3521 363 3572 commissa
380 3522 390 3571 l
492 3519 545 3573 519
562 3521 680 3587 potuitb
782 3518 835 3573 524
856 3528 920 3575 tune
936 3520 1104 3589 prorupimus
1119 3518 1204 3587 reripfl‘
1214 3514 1261 3573 (as

157 3590 373 3656 tuncprnpimus,·
400 3591 530 3656 erupimus
553 3590 668 3642 utone:
692 3593 726 3657 cs.
748 3607 819 3641 nasa.
836 3594 924 3655 18,15
943 3598 969 3642 ot
991 3588 1040 3641 lot
1055 3590 1154 3655 88,8):
1181 3596 1264 3651 susq!

158 3660 301 3725 rumpimus
312 3658 338 3721 la,
354 3676 487 3724 nunqnam
500 3659 665 3725 rumpimusl
733 3656 785 3711 526
801 3658 906 3711 umet
949 3657 1087 3727 murana
1153 3654 1200 3709 52?
1213 3666 1264 3721 qt·

157 3728 249 3794 scripti
266 3726 312 3794 (cs.
326 3727 443 3793 p.V1²).·
463 3729 508 3793 qui
526 3728 552 3787 b,
569 3730 644 3793 qnol
732 3725 785 3779 530
801 3728 873 3795 prins
890 3727 925 3779 bl
1017 3724 1069 3781 531
1087 3718 1264 3789 tumul

157 3796 209 3847 533
226 3797 312 3864 ponil
379 3794 431 3847 533
448 3797 657 3863 prottoplastesl
742 3794 795 3849 535
812 3795 937 3849 liniunt
1024 3792 1077 3849 53ἲ
1094 3794 1211 3849 ladit

242 3966 294 4020 508
312 3985 325 4017 c
341 4005 347 4019 .
360 3968 440 4031 prim.
453 3970 511 4018 310.
580 3965 632 4018 512
650 3968 684 4035 cs.
706 3968 776 4019 Ocu.
790 3966 833 4021 11
849 3968 866 4031 ὃ
876 3970 907 4029 3,·
923 3966 1010 4021 nescio
1026 3982 1078 4035 quo
1094 3966 1157 4019 hee
1171 3968 1264 4033 md!

157 4036 209 4088 523
234 4038 270 4102 cs.
309 4045 352 4088 est
365 4038 425 4087 598.
530 4032 582 4087 529
591 4053 643 4102 sqq.
674 4036 729 4088 Otto
753 4037 808 4088 dtas
824 4036 961 4090 umna-
982 4036 1039 4089 dcc.
1054 4038 1162 4089 Maur.
1175 4028 1264 4113 31301·

158 4107 251 4168 il'cita,
269 4055 395 4156 Biturici
410 4104 430 4165 1,
451 4104 461 4135 ⁸
470 4123 496 4170 p.
509 4109 557 4156 195
569 4106 617 4170 sq.)
687 4103 738 4157 532
755 4107 790 4173 cf.
810 4106 901 4160 Sedet.
914 4104 975 4160 17⁰
991 4114 1142 4173 mm
1158 4104 1262 4157 Η

157 4176 230 4224 vetiti
248 4174 382 4225 dulcedine
400 4175 468 4240 pomi
485 4172 574 4236 (oeric
592 4175 664 4226 lectio
682 4174 755 4241 cptcd
766 4174 943 4241 Arntsaniun,
962 4174 1115 4239 Amba.
1133 4172 1263 4225 M·

158 4243 248 4299 ‚tatta-
271 4243 317 4294 ssd
334 4244 408 4294 vetiti
429 4260 474 4309 pro
495 4244 602 4294 crimine
625 4244 694 4310 pomi
718 4244 795 4295 etium
808 4253 882 4312 pastu
899 4242 1058 4311 Bernpurii
1069 4242 1124 4295 111
1134 4244 1189 4305 131,
1202 4236 1228 4291 P·
1241 4232 1261 4283 l'·

159 4320 216 4362 lom.
238 4310 255 4360 1
259 4310 283 4359 V
291 4328 321 4375 p.
334 4311 402 4372 390).
484 4309 535 4363 538
552 4313 587 4378 cf.
600 4311 656 4365 Pet.
670 4314 724 4365 355-
