2962 5506
538 133 794 183 lllur'l'=t‘l'l'1{.ll¹1
816 133 945 185 ul’ljltl.

280 305 395 369 Inclita
418 306 535 388 regalis
559 326 713 390 spernens
737 309 895 368 consortie
919 308 1038 389 stirpis:

281 391 324 456 Se
348 412 476 477 quoque
499 392 658 455 finetenus
681 399 819 456 testatur
841 393 950 457 nobile
973 415 1088 478 corpus

281 478 359 542 Eius
382 478 531 563 coniugio
555 485 703 564 percerte
726 479 865 544 subdere
889 480 986 544 nullo.

281 565 374 630 Talia
396 565 565 649 pontifices
588 566 638 629 cui
661 586 738 629 mox
761 565 873 630 dixere
897 571 1061 651 potentes:

321 650 447 716 ‘Nonne
472 651 551 715 deus
574 653 690 716 colitur
712 651 874 739 digneque
897 659 1015 739 potens
1038 659 1213 719 veneratur

279 739 316 802 In
338 739 443 823 plebis
464 737 566 803 Iudae
589 739 688 824 legali
710 741 923 825 posteritate?

279 824 348 889 Nec
371 824 468 889 decet
488 826 655 911 innuptam
677 827 777 890 talem
800 845 971 891 remanere
995 826 1162 910 puellam.²

282 910 361 985 Quis
384 918 534 976 constans
556 913 663 976 animo
687 913 855 999 respondit
876 914 955 978 talia
979 913 1083 997 virgo:

278 997 373 1063 ‘Nam
397 998 476 1063 deus
498 1001 531 1063 in
554 1001 676 1085 templo
700 999 823 1083 gaudet
845 1002 1050 1086 requiescere
1073 1000 1205 1083 mundo,

280 1085 445 1150 Mentibus
468 1091 502 1150 et
523 1086 648 1169 sobriis,
671 1107 732 1150 nec
755 1086 938 1152 delectatur
959 1087 991 1150 in
1014 1086 1086 1167 illis,

279 1170 420 1237 Crimine
444 1192 524 1259 quos
547 1193 665 1257 magno
689 1174 830 1238 maculat
852 1175 972 1238 lasciva
995 1172 1108 1239 libido.

279 1258 413 1340 Scimus,
437 1259 523 1324 Abel
547 1259 589 1323 du
614 1261 680 1324 lam
702 1260 818 1325 merito
841 1262 1016 1346 sumpsisse
1039 1280 1203 1342 coronam,

197 1370 208 1408 r
280 1345 342 1420 Qui
363 1347 487 1431 primus
510 1281 630 1411 munlo
654 1347 755 1411 iustus
778 1347 886 1412 fuerat
906 1347 1120 1433 protoplasto,
1297 1344 1409 1407 foa.
1437 1340 1467 1390 ¹²¹

279 1432 386 1497 Unam
408 1433 544 1497 martirii
567 1433 673 1497 fratris
697 1432 738 1498 de
762 1433 863 1499 caede
886 1434 1011 1519 peracti

279 1518 387 1605 Atque
411 1540 464 1584 ma
489 1521 515 1583 's
537 1519 671 1584 nitidem
694 1542 752 1607 pro
776 1521 962 1607 virginitate
985 1518 1172 1585 secundam.

282 1605 450 1671 Credimus
509 1607 605 1671 eliam
628 1607 754 1672 caelum
778 1610 911 1694 petiisse
934 1613 1093 1672 secretum

279 1691 423 1779 Corpore
446 1714 518 1759 cum
540 1714 628 1773 vero,
651 1695 769 1758 mansit
791 1696 867 1780 quia
888 1695 978 1779 virgo
1002 1698 1156 1778 potenter

281 1779 351 1844 Nec
375 1800 492 1866 corpus
514 1782 648 1846 maculis
671 1801 824 1867 umquem
846 1781 979 1846 violavit
1001 1780 1130 1844 amaris.

280 1866 373 1931 Haec
397 1866 495 1932 didici
518 1874 605 1932 certe
629 1869 711 1953 legis
733 1869 860 1933 ratione
884 1867 1032 1948 docente,

280 1952 323 2016 Et
346 1952 473 2019 discens
496 1955 603 2018 animo
627 1953 778 2018 mandavi
802 1955 916 2020 sedula
938 1955 1014 2035 fixo,

279 2039 399 2125 Meque
422 2041 602 2126 puellarem
626 2043 700 2105 nori
723 2042 864 2107 retinere
888 2038 1069 2127 pudorem?

320 2127 496 2213 Postquam
519 2127 569 2191 bis
592 2134 719 2215 septem
744 2134 829 2192 totos
852 2129 1073 2214 compleverat
1097 2145 1209 2207 annos,

278 2213 352 2278 Non
374 2214 436 2279 hoc
460 2234 532 2278 csse
555 2216 604 2278 sui
626 2216 735 2293 moris,
759 2214 869 2280 dicunt
891 2214 1070 2295 Pharisaei,

279 2300 408 2365 Aetatis
430 2305 542 2365 tantae
566 2301 652 2387 quod
674 2302 775 2366 vellet
798 2303 889 2388 virgo
913 2321 1054 2366 manere.

278 2388 359 2453 Post
379 2386 462 2452 baec
484 2388 515 2453 iu
540 2389 661 2474 templo
687 2388 807 2453 domini
829 2388 889 2453 sub
911 2388 1034 2453 honore
1057 2390 1184 2451 sacrato

278 2473 528 2554 †Decrererunt
549 2476 705 2561 populum
728 2495 918 2540 concurerre
942 2481 1100 2553 cunctum,

278 2559 324 2626 Ut
344 2562 466 2646 pariter
489 2568 613 2626 tantam
636 2568 834 2647 temptarent
856 2563 987 2627 volvere
1011 2579 1150 2626 causam.

277 2646 321 2712 Et
343 2669 416 2713 cum
439 2648 498 2713 sub
521 2651 616 2713 tectis
638 2649 753 2736 templi
775 2650 967 2714 consisteret
989 2648 1103 2729 omnis,

281 2735 452 2818 Abictbar,
475 2756 573 2821 quem
596 2737 660 2801 iam
683 2736 825 2807 memini,
849 2736 908 2801 sub
932 2736 1006 2822 lege
1030 2731 1182 2799 sacerdos

280 2823 460 2888 Ascensum
484 2822 643 2908 graduum
667 2822 855 2888 conscendit
876 2843 1016 2908 namque
1039 2820 1213 2906 superbum

279 2909 415 2974 Praesul
439 2916 473 2974 et
495 2912 612 2974 astanti
635 2909 766 2975 dicebat
787 2910 866 2973 talia
888 2909 991 2997 plebi:

319 2995 384 3060 ‘Ex
407 3017 470 3082 quo
494 3004 710 3062 constructum
734 2997 839 3062 fuerat
861 2995 1051 3081 praenobile
1074 2991 1229 3078 templum

278 3082 370 3147 Istud
392 3103 452 3167 per
474 3085 584 3169 magni
606 3085 693 3169 regis
716 3083 857 3148 studium
882 3081 1075 3162 Salomonis,

277 3168 322 3233 Ut
344 3170 442 3247 scitis,
467 3190 543 3234 rere
565 3176 754 3235 manserunt
776 3191 906 3257 semper
927 3170 960 3233 in
981 3168 1037 3233 illo

278 3255 398 3319 Forma
421 3257 614 3342 conspicuae
637 3258 745 3321 vultus
768 3264 876 3322 aetate
900 3256 1041 3321 tenellae

277 3341 384 3407 Notae
407 3341 563 3407 nobilium
587 3345 712 3408 famoso
735 3345 882 3430 germine
905 3363 1020 3428 regum

278 3429 389 3514 Atque
411 3427 626 3512 sacerdotum,
650 3437 759 3495 vatum
783 3432 969 3517 pariterque
991 3428 1144 3514 priorum,
1383 3414 1442 3479 sot:

255 3618 307 3673 893
323 3621 432 3673 lucinia
449 3620 481 3670 Μ
578 3619 628 3672 397
652 3638 697 3687 pro
721 3622 871 3687 uirginitate
892 3621 928 3670 ric
954 3619 985 3669 Μ
1083 3612 1136 3668 398
1153 3611 1259 3667 &m
1279 3610 1377 3657 «Β

171 3688 347 3741 Ps-lraum
369 3691 481 3754 denique
503 3700 529 3742 at
550 3691 651 3751 Helias,
676 3708 736 3743 cunr
760 3698 827 3741 esset
849 3691 876 3740 in
898 3705 988 3748 carue,
1011 3694 1159 3753 asumptus
1175 3688 1228 3743 eat·
1244 3672 1368 3747 ‘lui'

169 3774 274 3810 urnam
292 3776 369 3811 suam
381 3762 509 3826 virginem
527 3761 666 3812 custodivit
735 3758 787 3810 403
804 3764 867 3826 sort.
886 3759 960 3821 γονὴ·
977 3759 1012 3824 cf.
1030 3756 1102 3807 Mar.
1114 3740 1364 3873 426Ἆὲιῆ

172 3828 257 3879 Cat?
272 3829 326 3894 §A
348 3829 491 3895 primm
508 3831 561 3881 347
575 3829 668 3893 (statui
687 3831 713 3879 irr
731 3830 807 3880 corde
826 3845 881 3880 mco
900 3826 1052 3878 stellante.
1064 3826 1090 3891 7)
1244 3818 1355 3871 1¹⁰¹

170 3899 339 3950 decreverunt
359 3899 453 3962 Callon
469 3902 531 3964 [οη.
550 3900 693 3950 Decrevere
711 3899 788 3950 simul
805 3896 852 3964 (cs.
872 3897 944 3948 Mar.
960 3897 1020 3961 43⁶)

256 4066 308 4121 884
333 4086 427 4137 corpus
453 4072 509 4122 aius
534 4071 553 4120 ι’.
574 4086 594 4120 e.
623 4085 704 4121 amm.
831 4066 883 4120 386
909 4067 944 4134 cs.
972 4082 1067 4133 appar.
1093 4064 1132 4116 ed
1158 4061 1228 4114 ilar.
1247 4052 1323 4111 491·

170 4136 222 4191 410
239 4141 321 4191 omui·
335 4139 457 4206 populus.
545 4137 596 4189 419
615 4138 648 4205 cf.
667 4155 719 4190 asc.
731 4141 773 4191 66.
