2910 5024
293 357 373 411 1112.
389 357 542 424 primordio
559 356 680 411 coenobii
702 355 950 411 Goadcobcmmric.
1141 358 1193 413 237

161 529 244 593 Cum
268 529 363 592 sociis
386 526 564 612 gradiendo
587 530 679 615 sequi
701 530 890 613 virguncula
913 529 1040 594 Christi.

166 613 314 699 Cumque
338 614 488 678 columba
511 615 616 678 locum
640 615 778 679 volitans
802 618 943 679 venisset
965 617 1006 680 ad
1029 618 1128 696 illum,

164 701 269 775 Quem
292 721 376 764 nuuc
397 721 462 763 non
484 702 627 765 sterilem
651 702 777 786 maguis
800 703 916 766 scimus
939 703 1009 766 fore
1033 707 1144 790 petris,

167 786 377 851 Descendens
401 793 519 850 terram
543 794 646 851 rostro
670 794 874 872 percusserat
895 789 994 869 illam,

168 874 235 939 Sub
260 875 349 937 cuius
371 872 496 957 lapides
520 874 684 937 latuerunt
707 895 828 957 aggere
851 875 969 960 plures.
1138 895 1194 943 ‹aa›

167 959 238 1033 Quo
263 967 351 1023 certe
374 960 443 1022 viso
467 957 586 1023 Christi
610 959 796 1043 dignissima
818 960 910 1045 virgo

165 1045 350 1110 Emundare
374 1047 479 1109 locum
503 1048 607 1110 socios
629 1052 843 1132 praeceperat
864 1047 969 1131 ipsum

166 1130 217 1281 [pit
240 1133 358 1195 molem
383 1139 491 1195 terrae
516 1132 791 1196 circumfodiendo
815 1131 939 1217 secare]
1122 1133 1194 1198 (aret

197 1219 370 1302 eliurisque
394 1238 526 1301 gravem
551 1217 704 1282 fodiendo
727 1217 874 1282 scindere
897 1220 1027 1284 molem.
1118 1222 1194 1285 (aab)

169 1304 240 1377 Quo
264 1306 361 1384 tacto,
385 1310 570 1388 praestante
594 1306 649 1390 pia
671 1304 814 1368 bonitate
839 1325 988 1390 superna,

166 1389 268 1476 Copia
291 1411 480 1474 magnamm
504 1398 699 1455 monstratur
721 1392 823 1454 multa
845 1396 1021 1477 petrarum,
1139 1410 1196 1460 (roo)

166 1476 260 1540 Unde
284 1477 472 1540 monasterii
494 1499 566 1541 cum
590 1478 713 1562 templo
736 1479 866 1540 moenia
888 1479 997 1562 coepti

167 1563 283 1627 Omnia
307 1563 475 1626 materiam
499 1570 632 1648 possent
655 1565 792 1627 traxisse
816 1564 987 1650 petrinam.

167 1648 251 1712 Hinc
273 1650 377 1732 magis
400 1654 497 1733 atque
521 1651 625 1732 magis
648 1655 717 1713 toto
741 1651 908 1713 conamine
932 1652 1048 1714 montis

166 1734 319 1799 Fautores
343 1735 454 1819 templi
478 1734 598 1798 domini
622 1735 680 1799 sub
704 1734 827 1798 honore
851 1736 996 1799 sacrandi

167 1821 336 1884 Instabaut
359 1822 451 1906 operi
474 1842 550 1884 mox
572 1827 668 1884 nocte
692 1821 809 1905 dicque
833 1823 965 1885 recenti.
1138 1840 1196 1889 ‹aas›

208 1906 274 1971 Sed
298 1908 365 1970 dux
387 1905 567 1985 liudulfus,
591 1908 712 1992 primns
735 1908 790 1991 qui
813 1907 959 1970 conditor
983 1908 1051 1971 eins

167 1992 284 2056 Extitit
307 1999 341 2055 et
364 2013 439 2056 cura
461 1995 550 2057 cuius
572 1993 730 2078 processit
753 1994 843 2076 origo

170 2079 281 2142 Omnis
304 2085 494 2157 structurae,
516 2079 668 2165 precibus
689 2079 898 2164 poscentibus
922 2078 1025 2155 Odae,

169 2165 247 2249 (Pro
272 2164 376 2244 dolor)
400 2165 442 2228 ad
465 2185 623 2228 summum
647 2185 712 2228 non
735 2163 827 2228 duxit
850 2185 931 2249 opus
954 2165 1141 2243 studiosum,

170 2251 246 2332 Sed,
269 2250 423 2314 naturalis
447 2271 547 2314 saeva
569 2257 674 2314 tactus
697 2271 778 2314 nece
801 2252 922 2329 mortis,
1142 2269 1198 2316 ‹aso›

170 2336 305 2422 Cogitur
327 2345 403 2400 ante
426 2358 517 2400 sunm
542 2339 656 2401 foetori
679 2335 816 2401 reddere
840 2338 961 2413 flatum,

170 2423 274 2496 Quam
298 2425 444 2509 perfecta
467 2422 581 2486 domus
604 2422 725 2487 domiui
748 2423 832 2487 foret
854 2424 962 2486 inclita
987 2444 1131 2509 prorsus;

170 2508 404 2594 Commisitque
426 2531 505 2573 suae
529 2529 623 2573 carae
647 2509 814 2572 moriendo
836 2511 969 2573 relictae

172 2598 281 2680 Atque
305 2596 370 2658 suis
392 2597 485 2667 natis,
510 2595 644 2659 ducibus
668 2597 984 2680 supramemoratis,

168 2682 282 2745 Totius
308 2683 455 2745 instantis
478 2682 604 2768 pondus
627 2701 801 2765 curamque
825 2682 954 2759 laboris,
1143 2698 1200 2748 (aas)

167 2768 327 2849 Exorans,
351 2769 433 2831 votis
456 2776 492 2831 ut
515 2768 716 2853 complerent
738 2767 888 2831 studiosis

169 2855 308 2919 Omnem
332 2855 480 2918 coenobii
505 2861 696 2918 structuram
719 2854 915 2939 perficiendi.

167 2939 266 3004 Cuius
290 2943 322 3003 iu
345 2941 477 3026 antiquo
501 2961 616 3025 corpus
639 2940 825 3003 venerabile
849 2939 971 3023 templo

170 3026 261 3090 Tunc
285 3028 410 3110 gremio
434 3034 541 3090 terrae
565 3025 825 3090 commendatum
849 3026 910 3088 fuit
933 3029 1027 3107 apte3

168 3112 252 3176 Ossa
275 3112 334 3176 sed
357 3134 513 3176 annorum
536 3120 609 3196 post
632 3113 785 3176 decursus
809 3111 988 3196 aliquorum
1143 3124 1200 3175 (ooo)

168 3200 249 3263 Sunt
272 3199 346 3262 hino
369 3199 507 3262 ecclesia
530 3200 685 3262 translata
706 3197 844 3262 locanda
867 3197 1005 3260 novella.

167 3284 293 3348 Forsan
317 3284 422 3349 adhuc
445 3285 534 3348 illum
559 3283 677 3348 mundo
701 3284 782 3348 deus
805 3284 937 3348 abstulit
959 3283 1031 3362 isto,

166 3370 254 3434 Dum
278 3372 332 3434 vix
355 3373 472 3434 aetatis
494 3372 604 3434 febres
626 3372 734 3455 tetigit
757 3370 937 3450 mediocris,

167 3457 304 3520 Illustris
329 3457 467 3520 domnae
490 3467 564 3543 post
587 3457 669 3521 haec
692 3463 727 3519 ut
749 3458 875 3542 plenius
898 3455 991 3519 Odae

1126 3549 1200 3556 .—

144 3594 199 3647 270
215 3597 340 3648 eartalrt:
359 3599 473 3655 correo&
489 3607 558 3649 certo
571 3598 677 3649 Leibniz
746 3596 795 3648 271
816 3598 922 3648 sociant
990 3592 1075 3647 ram
1092 3602 1201 3658 sarapte

119 3666 173 3716 noio
191 3667 225 3717 ab
243 3667 301 3730 aaa
320 3667 370 3716 Ην.
385 3669 508 3733 prosecta
525 3676 575 3727 ειη,-
596 3675 658 3716 utra
674 3668 761 3730 prior,
781 3675 841 3716 atro
855 3666 985 3732 posterior
1002 3664 1045 3727 ait,
1064 3671 1131 3714 certo
1149 3660 1202 3711 atei

128 3743 224 3800 potest,
252 3735 297 3785 aed
320 3737 530 3786 circumfodiendi
556 3737 660 3787 verdum
684 3737 784 3802 longiae
805 3752 897 3786 rorone
918 3735 1046 3785 sublatum
1073 3747 1126 3782 me
1147 3731 1201 3781 ocri

119 3805 139 3855 te
151 3813 190 3855 eat
252 3802 304 3854 279
323 3807 441 3856 Instabat
453 3807 463 3855 1
523 3802 575 3855 289
594 3807 715 3856 instantis
726 3806 818 3870 scripsi
830 3803 877 3871 (cf.
887 3812 949 3871 pert.
961 3808 1030 3862 1514,
1036 3800 1117 3866 priua.
1125 3798 1200 3873 b82):

119 3891 166 3939 rtis
186 3889 215 3939 1ιὶ
220 3909 228 3949 ,·
246 3890 359 3955 ingentis
378 3890 492 3951 Lcibnr's,
511 3892 609 3941 infandi
625 3890 700 3941 Perta
781 3888 833 3941 295
851 3891 911 3940 hinc
929 3887 1021 3953 scripsi
1040 3886 1067 3949 (i.
1080 3886 1097 3936 ι’.
1116 3876 1200 3949 h¹tte):

126 3960 155 4009 in
175 3957 205 4007 bl
285 3956 336 4009 296
354 3960 387 4010 ad
407 3960 456 4010 hoe
473 3959 578 4010 Leitniz
658 3958 709 4010 297
728 3961 819 4010 ostatis
837 3959 926 4009 rixas
982 3956 1065 4007 febres
1078 3952 1118 4004 bl:
1135 3953 1201 4004 fines

119 4028 177 4085 naz,-
194 4028 270 4078 ssoros
284 4028 387 4094 Koepkc
406 4030 463 4079 coll.
484 4028 539 4079 Pet.
552 4034 655 4093 mou,
673 4030 717 4079 ubi
729 4030 761 4080 dc
768 4045 853 4093 puero
865 4028 951 4093 agiam
1006 4024 1145 4075 medioeres
1158 4021 1202 4072 tvl

123 4096 277 4147 dominael

141 4213 196 4267 277
216 4217 251 4282 cf.
267 4217 411 4280 prim.137.
484 4214 536 4266 278
554 4219 588 4283 cs.
604 4217 684 4281 prim.
698 4220 754 4268 138.
825 4213 876 4268 283
894 4212 950 4266 'dos
967 4215 1045 4282 cifriy
1063 4214 1202 4266 montane

119 4282 155 4337 k?
237 4283 289 4336 284
308 4303 371 4336 nece
389 4286 405 4334 ι’.
419 4303 438 4336 c.
459 4285 606 4336 necestitate
626 4284 673 4352 (3).
753 4282 805 4337 988
824 4303 920 4352 snpra
938 4285 1096 4336 memoratio:
1118 4282 1202 4334 Ottoai

119 4357 135 4407 t.
152 4359 178 4418 6,
197 4371 221 4404 o.
234 4357 283 4416 69;
302 4354 406 4420 Koeplrc
419 4371 448 4419 p.
459 4352 517 4420 133)
535 4363 559 4405 ct
575 4354 698 4405 Broaoaa'
717 4354 751 4418 (a.
763 4355 833 4419 367).
920 4352 972 4405 29³
990 4356 1024 4421 of.
1040 4361 1102 4420 qest.
1113 4358 1167 4403 416.
