2910 5024
515 372 556 426 ΙΙΙ
575 374 597 425 1.
614 376 689 439 pcata
711 370 833 425 Ottouc's:
849 369 992 437 mactatio.

743 745 769 810 Ι.

148 867 159 924 1
275 851 477 937 Gerbergae,
499 852 614 915 illustri
637 850 833 931 abbatissae,
923 851 973 914 cui
995 872 1053 936 pro
1077 852 1127 914 sui
1150 851 1324 915 eminentia

186 939 359 1024 probitatis
457 938 536 1001 haut
562 939 667 1001 minor
696 937 875 1022 obsequela
902 938 1129 1016 venerationis,
1227 958 1324 1023 quam

186 1045 245 1111 pro
269 1025 387 1109 insigni
409 1025 528 1108 regalis
551 1030 724 1087 stemmate
747 1023 985 1108 generositatis,
1063 1024 1211 1088 Hrotsvit
1234 1023 1324 1088 Gan·

186 1111 421 1189 deahemensis,
486 1111 600 1174 ultima
622 1111 806 1173 ultimarum
877 1110 936 1173 sub
960 1110 1142 1175 huiusmodi
1164 1131 1323 1196 personae

186 1198 329 1262 dominio
352 1197 567 1277 militantium,
656 1195 743 1282 quod
766 1197 888 1260 famula
910 1197 1019 1260 herae.
1354 1221 1365 1259 s

144 1292 163 1354 2
274 1282 402 1348 Omea
425 1282 553 1365 domna,
578 1303 661 1368 quae
684 1283 827 1346 rutilanti
850 1283 1002 1367 spiritalis
1088 1284 1247 1347 varietate
1271 1304 1323 1347 sa·

186 1371 331 1456 pientiae
347 1370 530 1457 perlucetis,
589 1390 654 1433 non
672 1371 818 1454 pigescat
834 1371 932 1433 vestri
948 1369 1102 1433 almitiem
1118 1369 1325 1454 perlustrare,

144 1465 162 1527 3
242 1456 331 1543 quod
353 1464 462 1521 vestra
485 1457 664 1520 conlectum
689 1458 716 1519 si
737 1456 893 1540 ignoratis
916 1476 959 1519 ex
980 1456 1132 1521 iussione.
1190 1454 1231 1519 Id
1253 1457 1322 1541 qui-

186 1542 262 1607 dem
287 1545 393 1607 oneris
415 1543 615 1627 inposuistis,
644 1548 680 1605 ut
702 1549 796 1627 gesta
818 1544 959 1606 caesaris
982 1543 1125 1626 augusti,
1157 1562 1240 1627 quae
1263 1564 1324 1607 nec

186 1628 301 1694 auditu
316 1649 458 1715 unquam
475 1629 597 1692 affatim
613 1629 700 1692 salui
716 1629 880 1714 colligere,
951 1630 1085 1693 metrica
1100 1648 1323 1713 percurrerem
1342 1651 1367 1689 ιο

143 1717 322 1781 tratione.
410 1716 449 1779 In
471 1716 564 1779 huius
587 1714 705 1778 sudore
729 1715 964 1800 progressionis
1050 1722 1205 1800 quantum
1227 1726 1452 1791 meaesot.131

184 1803 332 1866 inscitiae
357 1802 518 1866 obstiterit
541 1801 746 1881 difficultatis,
834 1803 904 1886 ipsa
928 1802 1088 1886 conjicere
1111 1803 1258 1886 potestis,

206 1889 262 1952 uia
285 1889 367 1952 hacc
384 1887 499 1952 eadem
522 1908 582 1952 nec
605 1889 693 1973 prius
716 1888 836 1973 scripta
851 1889 991 1972 repperi,
1080 1907 1140 1951 nec
1157 1888 1198 1952 ab
1215 1889 1323 1974 aliquo

146 1982 164 2040 5
210 1976 340 2059 'gastim
362 1974 624 2060 sufficienterque
648 1973 734 2039 diota
757 1975 876 2038 elicere
901 1975 997 2060 quiri,
1093 1973 1152 2038 sed
1175 1975 1276 2038 veluti
1297 1976 1325 2039 si

185 2062 302 2147 aliquis
324 2062 450 2125 nescius
536 2062 638 2145 ignoti
665 2081 724 2147 per
747 2060 950 2125 latitudinem
974 2060 1074 2124 saltus
1104 2068 1190 2124 esset
1211 2061 1322 2144 iturus,
1343 2083 1366 2123 rs

238 2148 297 2212 ubi
319 2148 422 2212 omnis
444 2148 561 2211 semita
626 2148 724 2211 nivali
748 2146 908 2211 densitate
932 2148 1095 2211 velaretur
1118 2147 1268 2230 obducta,

186 2233 305 2319 hicque
330 2234 418 2297 nullo
439 2232 531 2314 duce,
555 2233 613 2298 sed
636 2236 706 2298 solo
723 2235 1047 2319 praemonstrantium
1071 2240 1150 2297 nutu
1165 2233 1323 2317 inductus,

185 2340 269 2385 nune
291 2340 352 2405 per
375 2319 469 2383 devia
491 2327 624 2400 erraret,
712 2341 796 2384 nunc
820 2321 899 2384 recti
915 2321 1077 2383 tramitem
1100 2320 1190 2384 callis
1212 2322 1323 2406 inpro-

186 2407 256 2469 vise
278 2407 466 2488 incurreret,
527 2406 631 2471 donec
654 2407 786 2471 tandem
810 2427 942 2470 emensa
965 2407 1122 2471 arboreae
1145 2407 1323 2472 medietate

186 2492 412 2577 spissitudinis,
501 2493 606 2557 locum
634 2500 765 2579 optatae
789 2493 1082 2578 comprehenderet
1110 2494 1235 2578 quietis,
1342 2514 1367 2555 ro

187 2579 318 2664 illicque
344 2578 479 2664 gradum
506 2580 628 2664 figens,
658 2581 792 2643 ulterius
819 2580 971 2665 progredi
1000 2600 1064 2643 non
1091 2588 1324 2665 praesumeret,

186 2686 225 2729 us
247 2664 370 2729 nedum
391 2666 444 2730 rel
474 2667 536 2730 alio
560 2668 809 2751 superveniente
830 2666 1046 2745 induceretur,
1144 2667 1197 2731 vel
1228 2687 1323 2752 prae·

148 2754 165 2816 6
187 2687 335 2816 cadentis
358 2753 495 2837 vestigia
522 2752 787 2837 subsequeretur:
878 2754 955 2816 baut
984 2754 1078 2817 aliter
1101 2773 1174 2837 ego,
1198 2755 1323 2837 magni-

186 2838 320 2902 ficarum
342 2840 564 2922 prolixitatem
587 2860 693 2903 rerum
717 2841 804 2902 iussa
818 2838 955 2923 ingredi,
1042 2839 1201 2923 regalium
1213 2840 1322 2903 multi-

186 2925 366 3009 plicitatem
388 2932 555 3009 gestorum
578 2925 721 2989 nutando
746 2934 779 2990 et
802 2925 982 2989 vacillando
1006 2927 1187 3009 aegerrime
1216 2932 1321 2990 trans-
1340 2944 1365 2983 a

187 3011 281 3090 curri,
368 3010 483 3096 bisque
506 3011 682 3076 admodum
704 3013 864 3092 lacessita,
889 3012 1088 3097 competenti
1109 3013 1142 3075 in
1164 3012 1236 3075 looo

186 3095 354 3182 pausando
369 3098 496 3179 silesco,
551 3119 611 3163 nec
628 3099 804 3183 augustalis
844 3100 1049 3163 roceritatem
1066 3098 1279 3163 excellentiae

149 3182 256 3247 'tsine
293 3181 412 3248 ducatu
446 3205 575 3270 appono
610 3186 728 3250 subire.
818 3120 852 3248 bi
885 3186 971 3249 enim
1001 3182 1236 3249 facundissimis

189 3268 471 3334 disertissimorum
494 3272 670 3351 sententiis,
759 3293 838 3356 quae
854 3272 906 3335 vel
929 3271 1025 3335 modo
1049 3271 1184 3355 scriptas
1270 3272 1323 3336 rel

188 3356 275 3420 ocius
308 3355 348 3420 de
379 3357 428 3420 his
457 3358 555 3422 rebus
584 3379 647 3421 non
676 3356 788 3421 dubito
818 3358 887 3421 fore
918 3357 1114 3439 scribendas,
1206 3358 1322 3422 luerim
1341 3374 1366 3413 ³0

187 3443 339 3520 animata,
363 3443 500 3507 sortasse
524 3446 736 3525 nanciscerer,
825 3444 911 3508 unde
934 3446 999 3508 mei
1021 3445 1181 3509 rusticitas
1196 3445 1323 3510 velare-

154 3525 237 3592 ttur
267 3528 508 3615 aliquantisper.
598 3531 691 3595 Nunc
721 3537 831 3595 autem
861 3552 957 3595 omne
987 3531 1071 3594 latus
1101 3538 1190 3595 tanto
1221 3533 1324 3616 magis

270 3723 358 3773 Grsrs
376 3722 497 3773 Orrosm.
542 3724 699 3774 Paestano.
744 3721 887 3775 3Hr0suit
905 3724 946 3773 M¹
1053 3723 1067 3773 i
1095 3725 1173 3775 almis}
1192 3724 1224 3774 Μ
1229 3743 1237 3774 :
1255 3742 1323 3777 corr.

184 3789 293 3840 Boraek
310 3790 369 3841 coll.
389 3786 473 3855 Gorty.
486 3793 519 3842 32
626 3793 747 3842 &uestro
766 3792 799 3842 Μ
900 3792 933 3844 12
958 3793 1116 3844 difficultatis
1134 3794 1262 3845 obstiterit
1279 3794 1322 3844 Μ.-

184 3859 288 3911 corraei
370 3858 401 3909 14
424 3860 526 3927 digesti
544 3860 578 3910 Μ
660 3859 695 3911 24
717 3863 908 3928 multiplicitate
928 3861 1325 3928 M:corr.K0epa011p.ao

184 3926 379 4048 233banseurrp
393 3928 425 3978 Μ
426 3947 434 3979 .·
452 3947 519 3981 corr.
542 3930 613 3981 Perta
683 3928 716 3981 27
736 3932 878 3982 excellente
891 3931 925 3980 M
991 3928 1025 3981 29
1043 3932 1279 3983 dissertissimorum
1294 3933 1326 3984 Μ

238 3998 326 4064 potius
338 4015 359 4063 p

271 4153 358 4203 Gasrs
376 4152 498 4202 Orrours
529 4153 686 4203 Parnassio.
720 4149 789 4218 4cf.
805 4153 876 4217 prol.
891 4156 939 4216 1,9
957 4161 980 4202 et
999 4151 1081 4204 Prud.
1101 4153 1234 4207 lam.392
1251 4173 1322 4207 nam·

184 4237 235 4287 que
253 4220 307 4271 illic
325 4236 461 4271 numerosa
479 4222 570 4272 cohors
588 4222 636 4271 sub
655 4222 770 4287 principe
788 4223 833 4272 tali
851 4222 898 4284 (re.
918 4220 1034 4287 diabolo)
1053 4223 1152 4275 militat.
1240 4222 1257 4276 9
1274 4241 1322 4276 nec

183 4291 289 4340 auditu:
305 4290 400 4340 nodam
417 4290 568 4341 manando
586 4289 632 4355 (cf.
648 4300 710 4355 pest.
729 4294 791 4350 24&
809 4292 844 4356 cf.
860 4307 974 4355 procera.
993 4291 1055 4343 ada.
1069 4296 1109 4344 28.
1191 4291 1225 4345 26
1242 4295 1322 4346 laces·

184 4360 247 4410 sita:
265 4360 314 4410 ie.
333 4358 444 4418 lassum
462 4361 496 4427 cf.
511 4376 540 4424 p.
555 4363 609 4421 187,
620 4362 660 4410 32.
747 4357 781 4410 32
799 4361 834 4426 cs.
849 4362 952 4424 p.3,8.
