2910 5024
545 345 558 399 I
577 346 600 399 1.
620 344 723 399 Μανία.

170 519 216 585 Ut
236 524 311 606 post
333 517 416 581 haec
437 517 553 581 summi
574 516 690 581 dicaris
712 515 812 602 palmi
834 516 1000 602 triumphi;

169 605 212 670 Et
235 606 379 692 quisquis
400 603 488 668 bello
511 603 636 668 famose
658 604 775 669 vicerit
796 603 873 684 ullo,

170 694 221 757 De
246 701 278 756 te
300 691 440 756 vincenti
463 689 588 755 dicetur
609 690 754 776 protinus
776 689 836 753 illi:

173 779 248 844 »Ad
271 780 412 864 palmam
435 777 544 862 magni
566 778 682 842 venisti
703 795 843 862 namque
866 774 1063 860 triumphi.‹’

215 866 310 930 Haec
332 866 389 929 ubi
411 863 497 929 dicta
519 862 619 944 dedit,
643 863 708 928 dila
732 884 787 928 eus
808 862 913 927 sidere
936 863 1025 926 venit
1193 873 1241 939 sol.
1256 875 1309 924 sev

172 954 329 1039 Angelus,
353 958 387 1016 et
409 952 526 1016 tollens
548 971 672 1015 ramum
719 950 820 1014 ‘vexit
843 951 875 1012 in
898 949 1009 1017 altum.

173 1039 245 1113 Quo
268 1040 336 1104 viso
360 1039 465 1103 cuncti
487 1045 677 1123 praesentes
701 1037 918 1122 opstupesacti

173 1128 211 1190 ln
234 1134 355 1191 terram
377 1125 469 1210 proni
492 1131 738 1189 consternuntur
759 1123 951 1188 tremefacti.

176 1214 266 1287 Quos
287 1213 380 1277 Iesus
402 1212 509 1275 subito
532 1212 665 1292 solatur,
688 1211 765 1276 talia
787 1209 901 1274 fando:

175 1301 262 1365 ‘Non
284 1319 366 1385 opus
388 1306 438 1362 est
461 1304 549 1363 certe
573 1299 664 1362 vobis
686 1296 863 1363 formidinis
885 1296 982 1377 ullae,

177 1388 274 1451 Hunc
296 1387 372 1472 quia
393 1385 558 1449 transferri
581 1406 705 1450 ramum
727 1405 787 1470 per
808 1384 914 1448 sidera
935 1382 1022 1464 iussi,

176 1473 221 1538 Ut
243 1493 321 1538 mox
344 1472 480 1538 deliciae
502 1492 621 1556 magno
645 1472 808 1558 plantetur
828 1471 860 1535 in
883 1470 988 1548 horte,

174 1560 227 1639 Et,
250 1560 339 1624 velut
360 1559 412 1624 hic
434 1561 467 1623 in
490 1558 619 1623 deserto
641 1580 715 1623 mea
737 1560 824 1623 iussa
847 1577 883 1622 se
906 1556 1013 1622 nenda

176 1647 339 1732 implevit,
362 1665 480 1731 magno
502 1653 631 1711 nosmet
654 1644 759 1710 studio
782 1579 940 1726 satiando,

175 1734 229 1798 Sic
252 1734 316 1797 illic
338 1734 455 1796 sanctis
478 1739 604 1797 constet
625 1732 764 1797 dulcedo
787 1730 960 1817 perennis.²

218 1820 351 1884 Talibus
373 1840 411 1884 ac
434 1821 531 1884 tantis
552 1821 651 1905 signis
674 1820 738 1884 iam
760 1818 874 1883 sedulo
897 1818 983 1900 visis,

176 1906 308 1993 Ioseph,
330 1907 482 1970 uirtutem
504 1907 603 1992 prolis
625 1905 792 1971 tractando
815 1924 1003 1991 perennem,

176 1993 286 2058 Utitur
307 1993 358 2057 his
379 1994 497 2076 verbis,
521 1994 678 2058 submisso
701 2011 865 2057 murmure
888 1991 979 2056 fusis:

175 2079 273 2145 ‘Ecce
296 2080 384 2145 calor
404 2081 521 2144 nimius
543 2087 669 2145 nostros
692 2080 777 2144 male
800 2078 953 2164 decoquit
974 2083 1076 2151 artus:

175 2167 280 2247 Nunc,
303 2167 362 2231 tibi
383 2168 410 2231 si
432 2168 570 2252 placeat,
594 2168 683 2232 cuius
705 2187 842 2251 regnum
864 2167 940 2251 iuge
963 2172 1098 2244 constat,

175 2254 346 2339 Praecipe,
367 2274 428 2339 per
445 2254 558 2355 pelagi
580 2254 679 2319 calles
702 2274 761 2318 nos
784 2273 922 2338 pergere
944 2254 1037 2334 vasfi,

175 2341 319 2406 Urbibus
341 2342 496 2425 appositis
520 2361 583 2426 quo
607 2348 696 2405 certe
719 2341 809 2425 quies
832 2338 909 2403 date
931 2338 1025 2403 nobis

179 2428 250 2492 Nos
273 2427 365 2492 citius
388 2429 527 2512 spatium
549 2427 648 2492 faciat
669 2446 857 2513 percurrere
880 2426 1028 2490 tantum.²

181 2515 241 2579 Oui
264 2513 347 2578 dixit
367 2512 471 2596 Iesus,
495 2513 602 2579 divino
625 2515 754 2578 numine
777 2515 897 2578 clarus:

179 2601 340 2686 ‘Namque
364 2602 448 2665 viam
471 2602 577 2666 subito
601 2602 732 2687 longam
755 2620 814 2685 per
835 2620 888 2664 me
911 2598 1066 2664 breviabo

178 2688 233 2768 Et,
257 2687 343 2774 quod
366 2695 417 2752 ter
438 2687 529 2752 denis
550 2689 655 2774 potnit
677 2688 732 2752 vix
756 2693 831 2751 ante
855 2685 970 2751 diebus

179 2776 296 2857 Metiri,
319 2775 435 2838 faciam
459 2775 523 2840 diei
545 2775 650 2861 spatio
674 2773 846 2861 repedari?

224 2861 284 2925 His
306 2861 409 2932 dictis,
433 2861 567 2927 Soniten
589 2860 739 2925 viderunt
761 2862 849 2924 ocius
871 2857 985 2923 urbem

179 2947 300 3034 Egypti
323 2968 484 3033 magnam,
508 2950 640 3013 famosis
662 2948 831 3012 moenibus
852 2947 963 3010 altam.
1202 2961 1250 3027 fol.
1265 2964 1312 3011 21¹

178 3033 273 3098 Hanc
294 3036 492 3118 introgressi,
515 3036 678 3121 petierunt
699 3035 809 3098 limina
831 3033 954 3117 templi,

179 3121 298 3206 Inque
322 3122 422 3185 stulta
444 3121 523 3185 deos
546 3123 714 3186 consuevit
735 3140 857 3207 ponere
884 3119 981 3184 falsos

182 3207 271 3272 Gens
293 3229 421 3293 pagana
443 3230 528 3289 suos,
552 3230 705 3294 perverso
728 3228 818 3271 more
842 3205 1006 3271 colendos.

180 3292 258 3358 Mox
281 3293 340 3358 sed
363 3302 398 3359 ut
419 3296 549 3360 intravit
571 3302 683 3359 sancta
706 3316 778 3359 cum
801 3293 891 3378 prole
915 3291 1030 3372 Maria,

183 3380 299 3445 Omnia
322 3382 474 3446 falsorum
497 3384 618 3468 pariter
640 3383 811 3446 simulacra
834 3379 969 3444 deornm

182 3467 220 3531 In
243 3476 362 3532 terram
385 3469 491 3533 subito
515 3468 701 3533 ceciderunt
724 3467 864 3552 denique
887 3487 999 3552 prona,

179 3554 250 3618 lam
274 3562 514 3639 cognoscentes,
539 3576 651 3640 regem
674 3556 800 3619 venisse
823 3573 1001 3639 perennem

181 3640 291 3726 Atque
315 3641 411 3706 deum
434 3662 547 3707 rerum
570 3663 689 3727 magna
712 3643 830 3705 virtute
854 3640 999 3705 deorum.

156 3829 209 3885 805
231 3841 420 3884 consemnntur
443 3832 477 3882 Μ
571 3829 622 3882 809
645 3832 778 3897 plantatur
800 3830 842 3880 Μι
865 3828 980 3895 φησιν
1005 3845 1021 3894 p
1043 3827 1072 3877 iu
1092 3824 1168 3890 rus),
1184 3839 1207 3890 p

134 3904 265 3968 sequendo
281 3901 375 3964 Ocltcs,¹
391 3911 419 3951 ut
430 3903 465 3968 cs.
479 3900 604 3964 Peuces,
614 3903 691 3964 prim
702 3902 750 3951 413
818 3897 869 3950 816
886 3907 958 3950 artus
975 3898 1012 3948 sic
1023 3896 1054 3947 Μ
1071 3894 1094 3957 (t
1106 3895 1207 3946 licem

125 3972 200 4035 oete)
277 3968 328 4022 817
353 3971 437 4037 placet
455 3969 506 4029 M¹‚
532 3971 634 4037 placent
645 3971 679 4034 p'
760 3967 811 4020 825
828 3971 890 4035 fort.
909 3968 1027 4028 Sotinen,·
1049 3966 1084 4031 cs.
1104 3963 1208 4016 &aaa

125 4040 185 4091 0²¹·
275 4036 327 4091 827
345 4041 443 4091 lumina
461 4040 503 4090 Μι
590 4037 642 4091 834
661 4040 781 4090 decorum
801 4037 893 4097 &ltca-
912 4045 940 4087 ct
956 4038 991 4103 cs.
1010 4032 1161 4087 Pa-llaua
1174 4035 1207 4083 2⁴

140 4111 182 4162 hic
199 4110 263 4161 deus
281 4118 349 4161 esset
365 4110 471 4162 deorum
490 4117 634 4160 nostrorum

159 4280 211 4332 815
233 4283 268 4346 cs.
286 4281 367 4344 prim.
381 4280 437 4330 133.
524 4276 574 4330 831
600 4279 635 4345 cf.
655 4276 756 4329 Alesia.
774 4294 795 4328 c.
809 4281 832 4339 1,
841 4277 890 4326 162
906 4274 950 4340 (P.
961 4273 990 4326 0.
1008 4271 1097 4326 toml
1108 4290 1136 4338 p.
1148 4272 1208 4338 173)

125 4350 161 4401 uis
177 4358 327 4402 sternantur
346 4349 425 4400 tundo
442 4348 582 4399 simulacra
599 4349 713 4397 deornm.
