2910 5024
506 372 576 426 116.
596 370 746 438 Sapientia.
1143 377 1194 430 197

12 541 27 632 Ι
51 547 198 648 iungaris
221 547 254 609 in
277 544 380 624 eaelo,
400 543 405 627 Ι
424 550 588 608 memento
605 548 726 626 matris,
746 546 752 627 Ι
771 546 836 609 iam
860 554 996 634 patrona
1020 547 1137 612 effeota
1160 555 1193 613 te

73 635 219 698 orientis.

12 721 22 780 Ι
50 655 72 720 p
240 633 245 716 Ι
265 716 455 799 convenite,
470 717 473 802 Ι
487 717 628 782 illustres
650 728 828 801 matronae,
845 719 848 805 Ι
863 726 897 784 et
918 740 1063 784 mearum
1077 720 1081 806 Ι
1096 720 1192 784 oada-

52 825 132 870 vera
155 805 294 869 filiarum
314 804 319 887 Ι
338 823 465 868 meeum
488 823 524 867 se
550 805 635 868 elite.
656 810 661 886 Ι

141 911 315 956 ursaonae.
360 826 560 975 corpuscula
576 891 773 955 aromatibus
790 891 956 957 condimus
970 891 973 976 Ι
990 898 1023 957 et
1039 894 1194 978 exequias
1224 918 1236 957 s

51 977 231 1042 honorilice
255 976 466 1041 celebramus.
487 978 493 1054 Ι

140 1062 316 1128 Serranam.
362 1062 502 1126 Grandis
528 1062 712 1147 benignitas
738 1063 742 1147 Ι
770 1070 803 1127 et
831 1065 913 1128 mira
935 1066 1051 1150 pietas,
1072 1066 1076 1150 Ι
1097 1087 1193 1151 quam

52 1149 134 1215 mihi
155 1148 331 1235 inpenditis
350 1149 355 1233 Ι
375 1150 504 1235 meique
528 1151 671 1213 mortuis.
693 1153 697 1233 Ι

11 1236 74 1386 ld
141 1256 317 1404 usrporvaa.
363 1234 456 1309 Quae
480 1235 539 1299 tibi
564 1242 638 1299 sunt
654 1237 833 1318 commoda,
854 1239 859 1317 Ι
879 1238 1070 1323 exequimur
1083 1245 1193 1303 mente

76 1328 185 1388 evota.
1212 1352 1236 1390 lo

141 1406 317 1473 Sarranum.
361 1406 436 1470 Non
460 1406 581 1471 dubito.

11 1490 30 1551 2
142 1514 317 1559 vernoune.
363 1492 428 1558 Ubi
451 1495 498 1557 vis
522 1495 645 1578 eligere
666 1493 670 1577 Ι
689 1493 797 1558 looum
820 1495 1026 1579 sepulturae?
1046 1495 1051 1575 Ι

142 1579 319 1645 Sauream.
364 1579 477 1643 Tertio
506 1581 643 1644 miliario
673 1581 715 1645 ab
743 1581 838 1663 urbe,
866 1581 893 1644 si
915 1581 1006 1645 vobis
1036 1602 1101 1646 non
1129 1582 1193 1647 dis·

51 1667 154 1753 plicet
176 1665 354 1752 prolixitas.

139 1770 314 1817 unisonas.
357 1751 388 1815 N
390 1771 431 1815 on
447 1751 606 1836 displicet,
621 1751 625 1835 Ι
640 1750 698 1815 sed
715 1752 801 1815 elata
817 1753 930 1816 funera
945 1754 1037 1839 sequi
1052 1754 1169 1838 plaoet.
1188 1755 1191 1839 Ι
1213 1781 1237 1819 1s

16 1956 26 2013 l
141 1957 317 2024 Sinnin.
361 1955 448 2022 ane
470 1957 595 2040 loeus}

141 2065 315 2110 usrnousn.
361 2043 424 2107 Hie
446 2064 565 2130 nempe
589 2046 754 2111 servandis
778 2047 923 2133 reliquiis
948 2055 998 2111 est
1020 2052 1123 2132 aptus.
1144 2053 1149 2124 Ι

142 2130 318 2195 Sarranum.
354 2130 522 2195 Flosculos
538 2133 621 2196 uteri
636 2134 701 2196 mei
716 2133 785 2213 tibi,
801 2140 897 2212 terra,
914 2133 1090 2197 servandos
1105 2154 1192 2198 oom-

52 2218 165 2284 mitto:
187 2220 192 2300 Ι
213 2238 293 2302 quos
309 2222 344 2280 tu
360 2217 520 2280 materiali
536 2218 606 2281 sinu
623 2219 742 2300 foveto,
763 2227 768 2292 1
789 2220 892 2284 donee
907 2220 939 2283 in
955 2221 1191 2284 resurrectione

49 2306 170 2370 maiori
193 2302 424 2368 reviridescant
446 2303 563 2387 gloria;
584 2308 589 2383 Ι
610 2312 644 2368 et
666 2312 715 2385 tu,
747 2305 889 2385 Christe,
918 2308 1041 2370 animas
1063 2307 1192 2371 interim
1210 2331 1236 2370 oo

49 2392 153 2478 imple
177 2389 412 2476 splendoribus,
433 2392 437 2471 Ι
458 2389 537 2453 dans
559 2391 725 2475 paoifioam
748 2394 893 2477 requiem
918 2393 1051 2457 ossibus.
1072 2392 1078 2476 Ι

142 2497 315 2542 usraouns.
360 2479 476 2539 Amen.

10 2561 25 2622 l
143 2562 318 2629 Sarranum.
375 2560 493 2625 Grates
523 2567 651 2626 vestrae
687 2563 876 2627 humanitati
903 2563 907 2646 Ι
935 2584 993 2648 pro
1025 2565 1191 2646 solamine,

51 2649 143 2736 quod
166 2648 344 2714 contulistis
367 2668 462 2711 meaa
486 2648 625 2712 orbitati.
645 2651 650 2731 Ι
1209 2669 1258 2734 soz,
1271 2671 1341 2719 mv

141 2756 314 2800 usrsouaa.
360 2733 516 2797 Utrumne
540 2736 597 2816 vis,
621 2755 678 2798 nos
701 2735 753 2799 hio
777 2743 884 2799 teoum
907 2737 1070 2816 morarill
1209 2767 1233 2805 as

139 2823 315 2888 Serranam.
359 2820 470 2900 Non!

140 2928 315 2973 vernonis.
360 2905 426 2971 Our
449 2910 558 2984 nont!

138 2992 313 3058 Saarnurvs.
357 2992 407 3057 Ne
431 3013 474 3057 ex
495 3012 570 3057 meo
593 2990 764 3057 commodo
787 2992 878 3057 vobis
901 2992 1067 3077 ingeratur
1087 2993 1190 3056 mole·

47 3080 128 3155 otia,
151 3080 194 3145 sit
215 3079 302 3160 satis,
322 3080 327 3163 Ι
349 3078 435 3165 quod
458 3086 523 3142 tres
539 3085 651 3142 noctes
672 3099 799 3142 meeum
815 3078 1046 3165 permansistis.
1067 3079 1071 3162 Ι
1092 3078 1190 3144 Abite

9 3216 26 3263 7
51 3169 85 3232 in
109 3187 203 3253 pace,
223 3175 228 3242 1
247 3166 444 3230 revertimini
467 3186 539 3229 oum
563 3165 676 3228 salute.
698 3167 703 3247 Ι
1209 3195 1235 3233 ω

9 3250 32 3344 3⁶
139 3272 314 3317 ursaonae.
358 3251 418 3315 Vis
441 3251 607 3315 nobiseum
632 3251 741 3315 abire?
762 3253 766 3333 Ι

141 3337 317 3404 Sneinurn.
361 3336 529 3420 Minimel

139 3443 315 3488 ursaonae.
360 3424 402 3487 Et
426 3422 502 3508 quid
524 3421 691 3487 meditaris
713 3429 833 3507 agere?
854 3424 858 3505 Ι

139 3510 317 3575 Sarranus.
362 3509 425 3574 Hie
448 3529 627 3585 remanere,
648 3510 699 3590 lsi
721 3511 804 3573 forte
827 3510 937 3573 veniat
958 3531 1034 3575 mea
1056 3510 1188 3597 petitiol

51 3605 85 3662 et
106 3597 293 3682 impleatur,
316 3596 404 3681 quod
426 3595 585 3661 desidero.
607 3599 612 3673 Ι
1209 3626 1233 3666 ³⁵

138 3702 314 3748 sansonie.
361 3681 447 3755 Quid
469 3683 573 3768 petis?
597 3681 675 3766 quid
698 3679 884 3744 desideras?

139 3768 316 3834 Seorsum.
361 3768 400 3832 ld
423 3768 635 3846 solummodo,
655 3769 661 3844 Ι
681 3775 716 3831 ut
732 3768 876 3831 oratione
893 3766 1056 3851 completa
1071 3769 1190 3833 moriar

50 3859 82 3921 in
104 3855 272 3935 Christo!

140 3961 315 4008 unvnousn.
359 3941 485 4023 Restat,
507 3947 543 4005 ut
566 3947 789 4026 expectemus,
810 3940 815 4023 Ι
836 3939 939 4004 donea
968 3946 1001 4003 et
1023 3944 1055 4004 te
1079 3939 1188 4025 sepul·

50 4039 144 4095 turae
167 4026 343 4094 tradamus.
364 4029 369 4112 Ι
1205 4056 1232 4094 so

140 4168 153 4219 1
175 4177 295 4219 matrona
307 4168 352 4217 M.-
372 4169 475 4219 correxi
491 4167 525 4218 N.
539 4168 573 4219 A.
586 4167 677 4218 XXII
687 4183 716 4232 p.
732 4171 783 4219 756
800 4164 845 4229 (of.
863 4165 925 4216 oda.
944 4165 1022 4229 adp.
1035 4167 1147 4226 190,29,·
1164 4172 1190 4214 te

50 4238 189 4304 parientis:
207 4239 243 4304 os.
261 4236 326 4289 Boo.
340 4237 400 4302 134)
488 4235 521 4288 14
544 4239 668 4305 prolixtas
685 4235 719 4286 Μ
805 4234 836 4286 17
859 4233 944 4301 aptus]
966 4232 1049 4301 aptam
1066 4233 1108 4283 M'
1128 4234 1156 4294 (i.
1168 4249 1189 4283 e.

51 4307 187 4374 optumi)
252 4305 286 4357 18
298 4307 440 4358 seruandae
451 4306 528 4372 M¹p,·
541 4304 578 4371 os.
591 4307 658 4373 Apa.
667 4309 715 4357 431
777 4302 810 4357 19
821 4307 908 4355 sonato
920 4303 950 4354 Μ
1010 4300 1044 4353 24
1055 4304 1116 4369 solii
1126 4305 1191 4353 128*

49 4377 169 4496 {asperior
177 4374 376 4510 pqlrsqurbitati
389 4413 395 4427 .
406 4414 429 4428 ..
443 4375 557 4444 sepultu-
565 4391 594 4439 p.
606 4379 659 4440 197,
669 4375 714 4436 40)
721 4374 901 4441 palimpsesto,
917 4372 1054 4425 rodanone
1067 4372 1189 4437 loon'pto

101 4462 185 4498 oomni
