2910 5024
227 362 302 413 xxn
592 355 854 413 HBO'I'SVI'I'HAE
872 355 1001 413 OPERA.

224 532 412 598 Truentus:
436 529 516 604 Quis
539 530 598 595 tibi
620 550 733 595 sensus
755 531 862 595 inest?
884 531 1041 617 numquid
1062 532 1179 597 melior
1201 553 1254 598 me
1278 539 1338 598 es?

433 616 538 698 Nunc,
562 623 655 680 vetus
672 624 770 703 atque
786 637 887 682 senex
904 638 988 705 quse
1004 618 1124 700 fecero,
1147 618 1199 683 iao
1215 618 1421 686 adolescens.

434 702 469 768 si
492 703 597 768 bonus
619 702 716 768 arbor
738 703 827 784 ades,
851 726 915 791 qua
938 705 1103 770 fertilitate
1126 703 1309 770 redundas?

192 863 325 912 ,mom
435 788 516 855 Cum
538 791 597 854 sim
621 797 752 855 truncus
773 792 870 873 iners,
894 792 1000 858 fructu
1021 793 1156 858 meliore
1177 791 1339 857 redundo.

298 950 407 996 secus:
431 925 524 993 Nune
546 927 625 993 mihi
648 949 725 993 vera
748 936 856 1004 sonat3
880 935 931 995 set
952 930 1027 996 huic
1049 930 1209 995 contraria
1232 928 1352 995 dicam.
1381 967 1423 978 -

435 1013 521 1088 Quid
543 1015 649 1100 magis
670 1015 824 1100 instigas?
848 1015 925 1102 quid
948 1017 1026 1081 talia
1048 1015 1156 1081 dicere
1180 1023 1306 1081 certas?

435 1099 529 1166 Haec
544 1108 618 1166 sunt
630 1102 730 1168 verba
745 1122 870 1186 senum,
886 1103 941 1189 qui
956 1124 1029 1168 cum
1045 1109 1120 1189 post
1130 1104 1232 1168 multa
1247 1113 1424 1170 senescunt

437 1187 611 1274 Tempora,
634 1195 711 1254 tunc
733 1194 860 1254 montes
882 1191 916 1254 in
939 1210 974 1255 se
998 1190 1130 1275 capiunt
1150 1189 1302 1276 pueriles.

226 1312 413 1377 Tannumus:
436 1308 607 1375 Hactenus
629 1310 767 1411 antiquis
790 1311 920 1396 sapiens
942 1310 1147 1377 venerandus
1169 1311 1211 1376 ab
1234 1312 1329 1376 annis

434 1397 524 1462 Inter
547 1404 581 1461 et
603 1416 753 1481 egregros
776 1403 921 1463 ostentor
944 1403 978 1463 et
999 1399 1084 1463 inter
1105 1397 1270 1463 honestos.

439 1482 506 1548 Sed
528 1484 607 1547 mihi
629 1484 757 1549 felicem
781 1484 937 1569 sapientis
959 1485 1046 1549 tollis
1067 1484 1236 1565 honorem,

435 1569 498 1644 Qui
520 1570 599 1635 mihi
621 1569 722 1635 verba
743 1571 821 1635 iacis
845 1578 879 1635 et
900 1572 949 1636 vis
972 1570 1169 1637 contendere
1190 1571 1309 1636 verbis.

261 1712 410 1759 ennecus:
436 1690 472 1756 si
494 1691 622 1778 sapiens
646 1711 745 1771 esses,
768 1712 834 1757 non
857 1699 889 1757 te
912 1714 988 1758 mea
1009 1692 1110 1758 verba
1132 1691 1264 1758 cierent

435 1776 464 1844 Ο
487 1778 572 1844 bone
596 1778 654 1860 vir,
679 1779 808 1864 sapiens
830 1785 867 1844 ut
889 1780 1021 1845 stultum
1042 1779 1128 1844 ferre
1151 1779 1300 1859 libenter,

434 1864 590 1946 Obsecro,
612 1884 665 1929 me
688 1865 813 1951 sapias;
837 1871 893 1930 tua
914 1888 967 1932 me
991 1866 1151 1952 sapientie
1172 1865 1287 1930 firmet

223 1988 411 2054 Tannonius:
435 1987 511 2069 Our,
534 1987 663 2068 furiose,
688 1987 750 2051 tuis
774 1987 924 2052 lacerasti
947 1988 1090 2053 carmina
1111 1987 1241 2053 verbis?

437 2073 492 2139 Mo
514 2074 633 2138 retinet
654 2074 770 2159 pietas,
794 2075 871 2159 quin
892 2075 975 2141 haec
996 2095 1111 2140 manus
1133 2095 1225 2139 arma
1247 2073 1383 2140 cerebro

187 2232 322 2280 mmm
437 2160 588 2247 Implioet
608 2161 670 2225 ista
692 2166 763 2225 tuo:
787 2161 999 2246 pessumdare
1022 2168 1054 2227 te
1076 2162 1261 2227 miseram,

303 2319 412 2366 secun:
435 2296 540 2371 Quam
564 2297 649 2363 bene
672 2297 841 2363 ridiculum
856 2298 935 2364 mihi
950 2304 1104 2384 personat
1117 2298 1179 2363 iste
1195 2304 1359 2364 veternus.
1383 2336 1419 2347 -

435 2384 484 2449 Te
507 2384 626 2450 retinet
647 2385 771 2471 pietas?
794 2406 859 2450 non
881 2384 930 2449 ias
954 2390 1004 2449 est
1026 2383 1172 2467 credere,
1195 2384 1303 2451 oredo.

436 2470 502 2553 Me,
525 2478 612 2557 peto,
635 2492 677 2536 ne
700 2477 826 2557 tangas,
848 2491 890 2537 ne
914 2472 1069 2557 sanguine
1091 2471 1160 2536 tela
1181 2478 1381 2558 putrescant

223 2592 410 2660 Tnennmos:
434 2591 510 2675 Cur,
533 2613 626 2678 rogo,
650 2613 702 2658 me
725 2594 892 2678 sequeris?
915 2613 971 2658 our
993 2612 1046 2658 me
1068 2592 1211 2659 ludendo
1234 2593 1393 2660 lacessis?

236 2713 412 2801 (sensnum)
438 2714 491 2780 Sic
514 2713 597 2801 fugit
617 2714 814 2779 horrendum
837 2734 1048 2802 praecurrens
1071 2713 1190 2779 damna
1211 2715 1355 2783 leonem,

196 2836 413 2921 (Tennunrnsz)
436 2835 502 2901 Vix
525 2856 589 2921 ego
612 2856 670 2923 pro
694 2857 847 2922 superum
868 2842 985 2902 teneor
1006 2837 1129 2923 pietate
1152 2836 1298 2919 deorum,

435 2921 489 2987 Ad
511 2928 568 2988 tua
591 2923 675 2989 colla
697 2943 805 2988 meam
828 2924 972 3010 gravitm
993 2923 1174 2990 lentescere
1197 2924 1352 3010 palmam.

263 3065 413 3111 sansone:
437 3043 508 3110 Vae
532 3044 600 3127 tibi,
622 3065 708 3132 pone
732 3045 847 3110 minas:
871 3046 976 3110 nescis
999 3065 1097 3131 quem
1113 3050 1202 3112 oerte
1225 3046 1369 3116 minaris.

435 3130 548 3197 Verba
570 3131 729 3213 latrando,
753 3152 856 3197 senex
878 3152 950 3197 curn
974 3133 1017 3197 sis
1038 3137 1143 3216 retus,
1169 3133 1259 3198 irrita
1280 3133 1422 3219 profers

315 3303 349 3358 83
365 3303 497 3428 ilum?
517 3309 659 3374 numquid
677 3310 767 3361 molior
785 3324 825 3360 mo
843 3312 888 3360 er?
907 3308 1070 3375 Montcioloa
1139 3305 1173 3360 el
1191 3306 1274 3374 astla>
1291 3309 1328 3360 ric
1347 3307 1377 3359 P

227 3374 263 3428 39
281 3392 347 3428 euno
458 3376 474 3428 4
520 3374 661 3444 Si]i(aio)
681 3377 721 3444 P,-
746 3379 782 3444 εί.
800 3393 895 3443 oppos.
913 3377 1017 3429 odel
1090 3374 1124 3429 47
1152 3378 1227 3430 druna
1245 3377 1372 3430 Ptoou-r·

227 3444 353 3513 layaiur
369 3462 526 3512 qrsomqrsom
538 3465 564 3497 -a
576 3447 682 3498 dlotioi
699 3463 775 3514 saepe
793 3447 937 3513 omnim
948 3455 1042 3514 poetas
1056 3446 1175 3499 Corolini
1191 3445 1239 3513 (of.
1258 3446 1373 3512 leues,

227 3514 331 3566 Korol..
344 3513 429 3567 mele
438 3534 466 3582 p.
477 3515 536 3582 28¹)
604 3514 640 3567 49
651 3517 747 3569 armico
760 3517 849 3569 erebro
861 3516 898 3568 P:
916 3533 983 3569 corr.
998 3515 1122 3584 Moqniau
1140 3517 1225 3583 iopen
1236 3532 1253 3568 a
1264 3516 1374 3568 duem

229 3583 563 3638 antecessorem
581 3585 681 3638 stende
749 3583 784 3638 52
801 3603 854 3638 non
871 3586 977 3653 emon:
994 3602 1055 3637 nam
1072 3585 1100 3638 P
1165 3584 1236 3639 eoo
1253 3585 1374 3638 delatori

228 3654 300 3707 dedu
311 3652 422 3721 Macerio
439 3652 624 3721 (maenarum
640 3664 716 3707 notos
734 3655 775 3706 laio
792 3656 947 3722 incoeptas
963 3655 1048 3707 nardo
1066 3672 1103 3706 oo
1115 3655 1216 3709 lom
1231 3657 1260 3708 is
1271 3654 1373 3708 clodo

226 3743 250 3776 o.
268 3723 443 3843 'vj'dffllm
466 3724 483 3776 i.
499 3740 521 3776 e.
544 3724 625 3776 domo
719 3722 753 3776 57
780 3733 827 3777 tna
847 3724 973 3792 Moysis:
995 3741 1039 3779 ma
1061 3724 1088 3776 P
1179 3721 1215 3779 dd
1240 3725 1309 3778 nasis
1332 3724 1373 3776 P.-

227 3810 295 3846 οων.
345 3811 425 3861 mn

314 3945 396 4014 diluo.
418 3952 454 4017 es.
477 3949 535 4000 diet.
556 3948 697 4013 meist,
708 3952 739 4002 18
756 3964 816 4001 narn
839 3950 1029 4017 tqnocnmqne
1047 3965 1123 4011 nne,
1149 3947 1257 4016 puerilis
1277 3964 1373 4002 maus

229 4019 257 4070 in
274 4017 321 4069 illo
339 4028 379 4071 est
396 4016 476 4081 (Ouo,
495 4019 684 4085 Spiclwdrter
702 4019 749 4070 der
761 4017 857 4071 somer
873 4036 900 4069 n.
913 4018 998 4083 1626).
1068 4016 1104 4070 49
1121 4018 1241 4070 cerebro:
1257 4019 1293 4086 cs.
1310 4017 1372 4072 ἢν.

227 4088 272 4139 od.
286 4086 373 4151 1112,
384 4091 424 4140 19.
442 4087 463 4138 I
466 4087 522 4152 Va,
531 4091 572 4140 32.
592 4087 649 4151 Va,
660 4092 680 4139 7.
699 4087 819 4156 Moqssa'n.
889 4085 924 4140 55
939 4085 985 4154 ‘as.
997 4087 1137 4140 Dracontis'
1148 4086 1222 4139 lma
1235 4086 1278 4138 dci
1290 4086 1311 4138 1
1318 4091 1374 4140 m

227 4166 254 4210 et
264 4157 368 4209 rabidos
380 4155 486 4221 (rander
494 4157 566 4221 esdr
577 4173 670 4209 nnooa
681 4158 733 4225 ey.)
743 4158 830 4211 timuit
842 4157 988 4210 diseamus
999 4157 1076 4209 dama
1087 4152 1229 4209 molossos?
1248 4155 1372 4210 Velim.

228 4222 262 4278 ol
274 4227 309 4293 cf.
327 4225 384 4278 dtr.
397 4226 440 4278 od.
454 4225 522 4292 111,
534 4231 566 4278 17
581 4243 613 4279 ne
631 4243 703 4280 mora
721 4228 767 4291 nit,
795 4228 817 4279 sl
834 4227 977 4290 innuerim,
995 4227 1059 4293 quin
1077 4242 1181 4294 pugnus
1197 4226 1323 4278 continno
1342 4228 1372 4279 in

229 4295 297 4348 mula
313 4296 420 4348 durent
437 4295 615 4362 (Soddodias'),
633 4304 658 4348 et
671 4297 786 4362 odoram
802 4294 887 4364 (corp.
897 4296 975 4363 olcas.
988 4297 1034 4348 lot
1050 4295 1181 4362 Vens)
1197 4295 1312 4349 lanmoo
1330 4305 1374 4351 eat

228 4364 517 4420 adhasreovuflscre
604 4362 1051 4432 hemerammum.
