2910 5024
642 395 669 450 11
686 397 711 451 o.
729 394 879 465 apione.

139 588 174 636 ra.
730 568 779 633 VI

415 686 575 753 PASSIO
599 687 872 753 SANOTARUM
886 688 1112 754 VIRGINUM

467 773 594 838 FIDEI
617 774 714 839 SPEI
736 775 793 844 ET
815 774 1058 841 KARITATIS

279 897 372 962 quas,
390 877 566 942 earundem
579 877 766 942 veneranda
781 880 937 963 genitrice
954 878 999 943 Sa
1021 880 1121 943 ientia
1135 885 1307 965 praesente
1321 872 1327 959 Ι

281 968 316 1027 et
338 965 492 1027 maternis
514 964 784 1029 admonitionibus
807 964 849 1029 ad
865 901 1049 1029 tolercnclas
1071 968 1237 1052 passiones
1250 967 1327 1032 hor·

279 1055 382 1130 tante,
402 1053 407 1133 Ι
426 1050 648 1115 Diocletianus
674 1051 851 1135 imperator
880 1051 1012 1117 dirersis
1039 1053 1201 1138 suppliciis
1227 1055 1327 1118 inter·
1358 1072 1369 1109 ⁵

278 1136 371 1210 iccit;
402 1140 407 1220 Ι
441 1157 576 1221 querum
614 1138 711 1201 stiam
757 1158 893 1223 corpora
928 1139 1071 1203 martirio
1108 1146 1329 1205 consummata

279 1229 394 1286 sancta
419 1230 524 1287 mater
552 1222 719 1309 Sapientia
746 1225 877 1308 collegit
896 1224 901 1301 Ι
922 1229 955 1287 et
983 1225 1178 1290 aromatibus
1200 1226 1329 1291 condite

279 1305 301 1372 i
325 1309 366 1373 cb
383 1308 463 1374 urbe
485 1308 592 1374 Roma
605 1310 741 1374 miliario
763 1310 938 1375 honorifice
954 1312 1113 1395 sepelivit,
1133 1312 1139 1395 Ι
1158 1313 1228 1397 ipsc
1248 1333 1328 1397 quc·

281 1416 345 1480 que
374 1406 429 1459 xc·
461 1395 512 1459 die
547 1398 638 1460 iuxtc
676 1417 787 1460 earum
822 1397 1008 1482 sepulchra,
1034 1397 1039 1483 Ι
1065 1398 1155 1463 finite
1183 1400 1327 1464 oratione

282 1502 385 1562 saera,
407 1483 412 1567 Ι
432 1483 577 1567 spiritum
599 1483 764 1568 praemisit
787 1483 887 1548 caelo.
1346 1500 1372 1539 10
1400 1549 1402 1556 ,

139 1836 173 1886 73.
563 1826 755 1890 Anrrocnus.
799 1825 968 1891 Annianus.

437 1910 611 1976 Serranum.
654 1910 760 1975 Frons.
806 1909 894 1976 Sese.
937 1911 1089 1977 Ksnrrns.
1345 1929 1454 1995 sotus

154 2043 167 2101 1
519 2030 624 2095 Tuum
649 2031 748 2114 igitur
775 2051 862 2114 esse,
896 2052 915 2097 o
942 2033 1117 2117 imperator
1144 2027 1327 2115 Adriane!

193 2117 362 2204 prosperis
385 2117 428 2181 ad
450 2124 526 2181 vota
549 2117 803 2182 successionibus
825 2119 949 2203 pollere
969 2118 973 2202 Ι
993 2118 1104 2203 tuique
1127 2121 1246 2179 statum
1268 2117 1328 2179 im·

190 2205 276 2290 perii
302 2203 441 2268 feliciter
469 2204 592 2289 absque
618 2203 860 2289 perturbatione
888 2210 1046 2290 exoptans
1073 2204 1195 2287 vigere,
1215 2202 1220 2286 Ι
1240 2203 1371 2287 quic-15

191 2289 271 2377 qnid
295 2290 532 2375 rempublicam
555 2289 765 2371 confundere,
785 2294 790 2371 Ι
811 2291 961 2376 quicquid
988 2290 1192 2375 tranquillum
1214 2290 1331 2352 mentis

190 2377 465 2528 peprrvulncrare
492 2396 599 2462 posse,
620 2384 624 2453 Ι
646 2378 836 2462 quantocius
863 2377 972 2442 divelli
991 2376 996 2461 Ι
1016 2378 1208 2463 penitusque
1237 2376 1330 2461 cupio

203 2484 224 2527 a
250 2464 395 2528 eactari.

280 2465 449 2614 Annrsnris.
494 2548 563 2612 Nec
584 2548 713 2623 iniuria;
742 2569 818 2612 nem
849 2549 948 2612 nostri
970 2549 1167 2698 prosperitas
1187 2549 1192 2624 Ι
1211 2549 1258 2612 tui
1281 2553 1330 2612 est

193 2636 344 2715 felicitas,
364 2636 369 2716 Ι
390 2656 460 2700 cum
480 2655 622 2699 summos
645 2634 807 2719 dignitatis
822 2634 942 2720 gradus
961 2640 966 2715 Ι
986 2635 1019 2698 in
1064 2636 1111 2699 ies
1133 2635 1192 2698 tibi
1208 2654 1329 2719 sugere
1347 2665 1373 2704 20

192 2743 260 2788 non
282 2720 476 2787 desistimus.
496 2725 502 2804 Ι

149 2814 170 2874 2
281 2807 472 2873 Aurrocnus.
522 2805 737 2891 Oongratulor
762 2812 838 2870 tuce
869 2807 1020 2881 almitati3
1041 2807 1046 2886 Ι
1064 2805 1166 2886 unde,
1196 2807 1223 2870 si
1253 2805 1330 2890 quid

195 2895 351 2980 experior
367 2914 547 2979 emergere,
563 2891 650 2978 quod
666 2899 721 2957 tuo
736 2894 918 2978 potentatui
932 2892 1059 2957 videtur
1074 2892 1310 2973 contraluctari‚
1325 2892 1329 2976 Ι

195 3002 261 3047 ιιοιι
285 2981 410 3062 occulo,
429 2982 435 3062 Ι
454 2979 513 3045 sed
535 2979 706 3063 impatiens
728 2999 839 3043 morae
862 2977 1027 3065 profero!

282 3068 453 3132 Anauros.
497 3065 541 3129 Et
556 3066 682 3147 merito,
698 3086 739 3129 ne
755 3086 830 3130 rsus
844 3067 1022 3130 maiestatis
1040 3065 1046 3148 Ι
1066 3083 1138 3129 csse
1153 3065 1309 3146 arguaris,
1323 3062 1327 3148 Ι
1348 3091 1372 3131 ss

195 3155 310 3218 sinon
336 3152 471 3217 celando
493 3151 685 3236 celaveris!

216 3326 237 3390 b
280 3239 473 3304 Arrrrocnus.
519 3235 714 3303 Huiusmodi
736 3238 907 3302 commisso
934 3243 1042 3302 rectus
1062 3237 1068 3321 Ι
1086 3256 1261 3322 numquam
1285 3234 1331 3298 fui

196 3346 366 3390 cnoxrus.

139 3422 180 3473 m.
283 3325 455 3476 Ansrsims.
499 3409 646 3482 Memini3
666 3409 671 3491 Ι
691 3408 750 3473 sed
772 3408 892 3493 profer,
915 3409 942 3471 si
964 3406 1041 3493 quid
1063 3409 1145 3473 scias
1167 3407 1275 3483 novit

154 3509 170 3570 3
282 3498 474 3563 Aurrocnus.
509 3495 677 3570 Quasdam
694 3493 821 3559 advena
834 3495 950 3559 mulier
963 3494 1047 3559 hanc
1060 3495 1174 3559 urbem
1191 3494 1330 3559 Romam
1348 3521 1373 3561 so

194 3605 300 3671 nuper
322 3583 463 3665 intrarit,
486 3583 639 3647 comitata
661 3583 784 3668 proprii
806 3582 911 3645 fastus
930 3584 936 3657 Ι
955 3581 1088 3667 pusiolis
1110 3581 1220 3647 tribus.
1242 3583 1246 3665 Ι

282 3670 452 3735 Annrnuus.
498 3667 596 3733 Ouius
619 3688 716 3733 sexus
739 3673 813 3731 sunt
834 3668 972 3754 pusioli?
992 3674 997 3744 Ι

282 3757 472 3822 Anrrocnus.
518 3753 639 3820 Omnes
660 3755 827 3838 feminei!

283 3967 428 4017 fluerem.
445 3962 624 4016 ⁴ladmonibus
633 3962 666 4012 Μ
666 3963 675 3994 ¹
711 3961 728 4015 5
737 3960 925 4026 Diocletianus]
935 3961 1064 4012 Adrianus
1074 3959 1166 4024 Celsen
1174 3960 1208 4026 cf.
1216 3976 1331 4025 procem·

194 4052 211 4103 6
228 4050 406 4105 consummati
422 4049 455 4100 Μ
520 4048 538 4101 8
555 4045 582 4115 i]
600 4037 617 4101 i
635 4048 669 4099 Μ
737 4044 770 4098 13
788 4048 836 4099 Au.
855 4046 917 4112 (ae.
935 4045 1097 4104 Amoenus)
1103 4045 1276 4120 praesumpsit
1288 4045 1332 4097 Μ’

195 4138 230 4191 15
247 4144 358 4206 exoptes
375 4137 418 4187 211¹
506 4133 539 4187 ll
556 4137 632 4204 cupio
649 4136 685 4186 sic
702 4133 736 4184 Μ
818 4129 853 4185 28
870 4133 982 4184 obnixus
999 4131 1042 4182 Μι
1061 4129 1122 4196 (sc.
1141 4121 1287 4198 obnolmt)

283 4311 429 4362 Summus.
474 4305 507 4359 13
535 4307 627 4374 igitur:
653 4304 789 4357 Adrianus
811 4313 836 4357 et
857 4303 998 4356 Antiochus
1018 4304 1071 4356 iam
1095 4303 1191 4355 &utica
1216 4303 1284 4355 inter
1305 4318 1331 4355 ac

193 4381 367 4445 eolloqroentes
383 4377 589 4428 innodamur.
