2910 5024
466 345 522 401 18.
540 345 833 416 sone-epilogio

192 518 403 605 Conspexere
426 538 518 583 suam
539 539 599 604 pro
623 517 751 584 Christo
775 520 1019 592 martirizatem;

189 609 220 672 A
244 605 367 671 dextris
391 606 479 670 cuius
501 605 576 671 nive
600 605 766 670 candidior
787 607 878 670 stetit
900 627 1011 692 agnus.

191 693 280 767 Quo‘s
302 693 418 758 merito
442 691 519 757 fidei
541 693 634 757 scivit
656 691 771 777 dignos
794 695 952 774 venerari,

190 779 317 845 Blande
340 779 423 844 collo
447 779 509 843 uiis
531 779 604 843 illos
626 778 745 844 affatur
767 779 888 860 amicis,

190 865 358 931 Dicensz‘
348 800 511 931 ‘Gaudete
533 885 660 930 mecum
684 865 875 950 grunniendo
898 885 1106 953 paramum,

191 954 271 1018 Sum
295 953 370 1038 quia
392 952 521 1017 luciflua
543 953 630 1038 regis
653 953 834 1017 caelestis'
826 973 858 1016 in
880 953 955 1017 aula

191 1039 376 1125 Virginibus
399 1041 499 1103 sacris
522 1041 645 1104 sociata
668 1039 855 1139 perenniter
875 1040 954 1104 istis.

190 1124 232 1190 Et
253 1147 339 1191 nunc
360 1127 394 1190 in
416 1126 515 1191 caelis
537 1125 584 1189 illi
606 1126 782 1210 coniungor
804 1127 921 1190 amoris

191 1213 357 1299 Amplexu
379 1212 474 1295 dulci,
499 1231 596 1297 quem
618 1232 749 1313 semper
770 1218 880 1277 mente
903 1212 992 1277 fideli

191 1300 229 1363 In
251 1300 346 1364 terris
369 1300 463 1379 colui,
486 1299 620 1384 cupiens
643 1299 712 1363 sine
734 1299 798 1363 fine
821 1298 927 1363 tueri.³

190 1386 251 1450 His
273 1387 373 1487 igitur
394 1385 488 1451 dictis
511 1385 617 1449 subito
641 1384 788 1450 discessit
810 1386 852 1450 ab
874 1387 948 1450 illis

192 1472 265 1552 Qui,
287 1474 420 1537 nimium
443 1472 522 1537 laeti
544 1477 633 1536 tanto
657 1472 814 1537 solamine
837 1472 925 1553 facti

192 1557 363 1624 Siocebant
385 1559 534 1624 lacrimas
556 1579 654 1643 super
677 1560 746 1623 eiua
768 1564 873 1624 morte
896 1559 1032 1638 refusas,

190 1645 234 1710 Et
256 1645 368 1711 laudes
392 1645 521 1710 domiuo
544 1645 730 1731 psallebant
753 1665 833 1710 voce
857 1666 985 1725 canore,

191 1731 254 1806 Qui
301 1741 352 1797 ost
374 1732 454 1797 dure
477 1732 541 1796 suis
565 1733 677 1797 tribuit
699 1733 876 1797 certamina
898 1733 1016 1797 sanctis

191 1755 344 1885 Testdius
367 1826 522 1884 aeternae
546 1819 725 1884 clementer
746 1820 893 1904 praemia
916 1819 1015 1884 vitae.

582 1921 718 1988 AMEN.

365 2264 577 2331 EXPLICIT
600 2265 737 2330 LIBER
759 2265 937 2332 PRIMUS.

443 2367 612 2433 INCIPIT
637 2367 868 2434 SECUNDUS

288 2453 559 2520 DRAIIATIOA
583 2455 713 2521 SERIE
738 2454 1016 2521 CONTEXTUS.

168 2576 276 2642 Huius
299 2597 429 2641 omnem
452 2577 623 2642 materiam
646 2578 728 2642 siout
756 2584 790 2642 et
816 2577 931 2662 prioris
955 2577 1101 2663 opusculi
1124 2576 1224 2640 sumsi

156 2664 297 2765 antiquis
329 2664 419 2728 libris
517 2664 577 2728 sub
609 2666 704 2729 certis
733 2671 901 2729 anctorum
932 2664 1113 2728 nominibus
1145 2682 1222 2727 con-

127 2752 223 2852 iptis,
304 2757 445 2836 excepte
466 2752 613 2851 superius
636 2753 757 2837 scripte
780 2752 931 2835 passione
956 2751 1058 2814 sancti
1082 2749 1225 2833 Pelagii;

136 2839 231 2904 onius
247 2837 364 2901 seriem
381 2837 514 2901 martirii
588 2837 719 2938 quidam
735 2836 916 2938 eiusdem,
908 2858 942 2901 m
956 2857 1020 2922 qua
1034 2857 1147 2922 passus
1161 2842 1220 2913 est,

127 2925 240 3010 ligena
262 2925 399 2988 civitatis
422 2925 500 2988 mihi
523 2926 682 3009 exposuit,
764 2924 819 3010 qui
841 2925 946 3009 ipsum
969 2923 1252 3022 pulcherrimume

127 3032 226 3078 orum
254 3031 290 3074 se
312 3010 430 3075 vidisse
519 3018 553 3075 et
575 3012 698 3075 exitum
721 3012 769 3075 rei
792 3015 964 3075 attestatus
992 3017 1042 3074 est
1064 3008 1223 3073 veraciter

127 3099 267 3164 novisse.
359 3096 471 3177 Unde,
502 3097 528 3160 si
558 3095 670 3182 quid
662 3119 694 3161 ιιι
722 3104 858 3182 utroque
889 3097 1039 3160 falsitatis
1071 3093 1222 3159 dictando

127 3183 327 3288 mprobeudi
414 3205 478 3248 non
503 3204 547 3248 ex
561 3204 635 3248 meo
651 3183 763 3265 fefelli,
852 3182 911 3248 sed
926 3183 1076 3249 fallentes
1091 3183 1221 3248 incaute

127 3275 211 3338 itata
234 3271 289 3335 fui.

169 3461 224 3515 445
242 3462 282 3513 Ad
300 3462 333 3512 M
419 3460 470 3513 449
488 3462 593 3513 lucifluo
611 3460 646 3510 M

171 3549 323 3615 3supeuus
341 3548 372 3598 M
458 3547 595 3599 dmartini
613 3549 717 3612 quidem
735 3547 768 3597 M

170 3720 225 3774 450
243 3724 278 3787 cs.
297 3721 367 3770 Mar.
383 3725 437 3773 285.
525 3718 578 3772 452
596 3721 630 3786 cf.
649 3721 718 3786 Apo.
730 3723 788 3783 260,
804 3721 883 3784 prim.
896 3722 956 3772 360.

169 3807 256 3861 Psub
275 3809 351 3859 certis
369 3817 504 3859 anctorum
522 3807 684 3858 nominIbus:
702 3807 736 3872 cf.
751 3823 866 3872 prooem.
