<?xml version="1.0" encoding="UTF-8"?>
<!DOCTYPE html PUBLIC "-//W3C//DTD XHTML 1.0 Transitional//EN"
    "http://www.w3.org/TR/xhtml1/DTD/xhtml1-transitional.dtd">
<html xmlns="http://www.w3.org/1999/xhtml" xml:lang="en" lang="en">
 <head>
  <title>
</title>
<meta http-equiv="Content-Type" content="text/html;charset=utf-8" />
  <meta name='ocr-system' content='tesseract 3.04.00' />
  <meta name='ocr-capabilities' content='ocr_page ocr_carea ocr_par ocr_line ocrx_word'/>
</head>
<body>
  <div class='ocr_page' id='page_1' title='image "./hrotsvithaeoper02hrotgoog_0186.png"; bbox 0 0 2910 5024; ppageno 0'>
   <div class='ocr_carea' id='block_1_1' title="bbox 520 391 1206 453">
    <p class='ocr_par' dir='ltr' id='par_1_1' title="bbox 520 391 1206 453">
     <span class='ocr_line' id='line_1_1' title="bbox 520 391 1206 453; baseline 0.006 -7"><span class='ocrx_word' id='word_1_1' title='bbox 520 391 548 446; x_wconf 91' lang='grc' dir='ltr'>Π</span> <span class='ocrx_word' id='word_1_2' title='bbox 565 392 590 447; x_wconf 75' lang='lat'>4.</span> <span class='ocrx_word' id='word_1_3' title='bbox 608 392 756 448; x_wconf 78' lang='lat' dir='ltr'>Abrabam.</span> <span class='ocrx_word' id='word_1_4' title='bbox 1155 398 1206 453; x_wconf 77' lang='lat'>149</span> 
     </span>
    </p>
   </div>
   <div class='ocr_carea' id='block_1_2' title="bbox 11 516 1207 669">
    <p class='ocr_par' dir='ltr' id='par_1_2' title="bbox 11 516 1207 669">
     <span class='ocr_line' id='line_1_2' title="bbox 11 516 1207 669; baseline 0.003 -39"><span class='ocrx_word' id='word_1_5' title='bbox 11 516 46 669; x_wconf 58' lang='grc' dir='ltr'>ΙΙΙ</span> <span class='ocrx_word' id='word_1_6' title='bbox 154 562 294 629; x_wconf 64' lang='lat' dir='ltr'>umes.</span> <span class='ocrx_word' id='word_1_7' title='bbox 340 561 424 638; x_wconf 86' lang='lat' dir='ltr'>Quia</span> <span class='ocrx_word' id='word_1_8' title='bbox 439 585 615 650; x_wconf 79' lang='lat' dir='ltr'><strong>numquam</strong></span> <span class='ocrx_word' id='word_1_9' title='bbox 638 565 765 647; x_wconf 88' lang='lat' dir='ltr'>occidit,</span> <span class='ocrx_word' id='word_1_10' title='bbox 786 567 791 650; x_wconf 96' lang='grc' dir='ltr'>Ι</span> <span class='ocrx_word' id='word_1_11' title='bbox 810 566 869 632; x_wconf 90' lang='lat' dir='ltr'>sed</span> <span class='ocrx_word' id='word_1_12' title='bbox 884 568 1112 654; x_wconf 86' lang='lat' dir='ltr'>navigantibus</span> <span class='ocrx_word' id='word_1_13' title='bbox 1127 572 1207 634; x_wconf 92' lang='lat' dir='ltr'>recti</span> 
     </span>
    </p>
   </div>
   <div class='ocr_carea' id='block_1_3' title="bbox 10 649 1349 3406">
    <p class='ocr_par' dir='ltr' id='par_1_3' title="bbox 64 649 529 737">
     <span class='ocr_line' id='line_1_3' title="bbox 64 649 529 737; baseline 0.002 -22"><span class='ocrx_word' id='word_1_14' title='bbox 64 651 218 715; x_wconf 88' lang='lat' dir='ltr'>semitam</span> <span class='ocrx_word' id='word_1_15' title='bbox 241 650 363 715; x_wconf 90' lang='lat' dir='ltr'>itineris</span> <span class='ocrx_word' id='word_1_16' title='bbox 387 649 529 737; x_wconf 76' lang='lat' dir='ltr'>dirigit!</span> 
     </span>
    </p>

    <p class='ocr_par' dir='ltr' id='par_1_4' title="bbox 22 735 1248 987">
     <span class='ocr_line' id='line_1_4' title="bbox 22 735 1206 824; baseline 0.003 -22"><span class='ocrx_word' id='word_1_17' title='bbox 22 743 40 802; x_wconf 80' lang='grc'>4</span> <span class='ocrx_word' id='word_1_18' title='bbox 153 735 271 801; x_wconf 72' lang='lat' dir='ltr'>Masis.</span> <span class='ocrx_word' id='word_1_19' title='bbox 317 735 361 800; x_wconf 85' lang='lat' dir='ltr'>Et</span> <span class='ocrx_word' id='word_1_20' title='bbox 391 738 445 822; x_wconf 90' lang='lat' dir='ltr'>qui</span> <span class='ocrx_word' id='word_1_21' title='bbox 471 743 582 823; x_wconf 91' lang='lat' dir='ltr'>posset</span> <span class='ocrx_word' id='word_1_22' title='bbox 607 738 692 814; x_wconf 87' lang='lat' dir='ltr'>fieri,</span> <span class='ocrx_word' id='word_1_23' title='bbox 721 744 758 801; x_wconf 89' lang='lat' dir='ltr'>ut</span> <span class='ocrx_word' id='word_1_24' title='bbox 785 759 847 824; x_wconf 90' lang='lat' dir='ltr'>ego</span> <span class='ocrx_word' id='word_1_25' title='bbox 871 741 1006 823; x_wconf 89' lang='lat' dir='ltr'>tantilla,</span> <span class='ocrx_word' id='word_1_26' title='bbox 1026 745 1031 819; x_wconf 92' lang='grc' dir='ltr'>Ι</span> <span class='ocrx_word' id='word_1_27' title='bbox 1052 761 1095 807; x_wconf 81' lang='lat' dir='ltr'>ex</span> <span class='ocrx_word' id='word_1_28' title='bbox 1117 741 1206 806; x_wconf 88' lang='lat' dir='ltr'>lutea</span> 
     </span>
     <span class='ocr_line' id='line_1_5' title="bbox 63 822 1205 914; baseline 0.005 -27"><span class='ocrx_word' id='word_1_29' title='bbox 63 824 206 887; x_wconf 89' lang='lat' dir='ltr'>materia</span> <span class='ocrx_word' id='word_1_30' title='bbox 235 822 393 902; x_wconf 88' lang='lat' dir='ltr'>confecta,</span> <span class='ocrx_word' id='word_1_31' title='bbox 414 825 418 906; x_wconf 93' lang='grc' dir='ltr'>Ι</span> <span class='ocrx_word' id='word_1_32' title='bbox 439 842 478 888; x_wconf 89' lang='lat' dir='ltr'>eo</span> <span class='ocrx_word' id='word_1_33' title='bbox 510 824 703 909; x_wconf 76' lang='lat' dir='ltr'>attingerem</span> <span class='ocrx_word' id='word_1_34' title='bbox 731 826 864 905; x_wconf 88' lang='lat' dir='ltr'>meritis,</span> <span class='ocrx_word' id='word_1_35' title='bbox 889 826 894 908; x_wconf 96' lang='grc' dir='ltr'>Ι</span> <span class='ocrx_word' id='word_1_36' title='bbox 920 846 982 912; x_wconf 89' lang='lat' dir='ltr'>quo</span> <span class='ocrx_word' id='word_1_37' title='bbox 1016 829 1205 914; x_wconf 78' lang='lat' dir='ltr'>mysterium</span> 
     </span>
     <span class='ocr_line' id='line_1_6' title="bbox 60 909 1248 987; baseline 0.002 -14"><span class='ocrx_word' id='word_1_38' title='bbox 60 909 175 974; x_wconf 79' lang='lat' dir='ltr'>rutilat</span> <span class='ocrx_word' id='word_1_39' title='bbox 196 909 381 987; x_wconf 75' lang='lat' dir='ltr'>nominis&#39;t!</span> <span class='ocrx_word' id='word_1_40' title='bbox 1236 927 1248 966; x_wconf 76' lang='lat'>⁵</span> 
     </span>
    </p>

    <p class='ocr_par' dir='ltr' id='par_1_5' title="bbox 63 994 1204 1337">
     <span class='ocr_line' id='line_1_7' title="bbox 148 994 1204 1085; baseline 0.004 -25"><span class='ocrx_word' id='word_1_41' title='bbox 148 994 288 1060; x_wconf 78' lang='lat' dir='ltr'>Esuuau.</span> <span class='ocrx_word' id='word_1_42' title='bbox 341 995 473 1060; x_wconf 75' lang='lat' dir='ltr'>Illibata</span> <span class='ocrx_word' id='word_1_43' title='bbox 499 997 643 1081; x_wconf 88' lang='lat' dir='ltr'>corporis</span> <span class='ocrx_word' id='word_1_44' title='bbox 667 997 854 1082; x_wconf 88' lang='lat' dir='ltr'>integritate</span> <span class='ocrx_word' id='word_1_45' title='bbox 879 999 883 1077; x_wconf 95' lang='grc' dir='ltr'>Ι</span> <span class='ocrx_word' id='word_1_46' title='bbox 910 1018 1056 1085; x_wconf 90' lang='lat' dir='ltr'>puraque</span> <span class='ocrx_word' id='word_1_47' title='bbox 1087 1002 1204 1065; x_wconf 91' lang='lat' dir='ltr'>mentis</span> 
     </span>
     <span class='ocr_line' id='line_1_8' title="bbox 63 1083 247 1146; baseline -0.011 0"><span class='ocrx_word' id='word_1_48' title='bbox 63 1083 247 1146; x_wconf 73' lang='lat' dir='ltr'>sanctitate.</span> 
     </span>
     <span class='ocr_line' id='line_1_9' title="bbox 63 1081 1202 1337; baseline 0.004 -105"><span class='ocrx_word' id='word_1_49' title='bbox 63 1081 274 1337; x_wconf 29' lang='grc' dir='ltr'>ΓἣᾱῆεἳΜΙΙιιιιΑΙ</span> <span class='ocrx_word' id='word_1_50' title='bbox 302 1165 440 1232; x_wconf 83' lang='lat' dir='ltr'>Grandis</span> <span class='ocrx_word' id='word_1_51' title='bbox 464 1172 514 1230; x_wconf 89' lang='lat' dir='ltr'>est</span> <span class='ocrx_word' id='word_1_52' title='bbox 529 1167 667 1249; x_wconf 91' lang='lat' dir='ltr'>honoris,</span> <span class='ocrx_word' id='word_1_53' title='bbox 688 1169 694 1248; x_wconf 92' lang='grc' dir='ltr'>Ι</span> <span class='ocrx_word' id='word_1_54' title='bbox 712 1167 878 1233; x_wconf 89' lang='lat' dir='ltr'>hominem</span> <span class='ocrx_word' id='word_1_55' title='bbox 894 1170 1028 1256; x_wconf 88' lang='lat' dir='ltr'>aequari</span> <span class='ocrx_word' id='word_1_56' title='bbox 1043 1177 1202 1236; x_wconf 91' lang='lat' dir='ltr'>astrorum</span> 
     </span>
    </p>

    <p class='ocr_par' dir='ltr' id='par_1_6' title="bbox 18 1336 1248 1857">
     <span class='ocr_line' id='line_1_10' title="bbox 18 1336 1248 1427; baseline 0.002 -24"><span class='ocrx_word' id='word_1_57' title='bbox 18 1343 38 1403; x_wconf 84' lang='lat'><strong>5</strong></span> <span class='ocrx_word' id='word_1_58' title='bbox 151 1338 290 1404; x_wconf 78' lang='lat' dir='ltr'>Esrunu.</span> <span class='ocrx_word' id='word_1_59' title='bbox 346 1336 445 1421; x_wconf 85' lang='lat' dir='ltr'>Nam,</span> <span class='ocrx_word' id='word_1_60' title='bbox 483 1338 509 1401; x_wconf 93' lang='lat' dir='ltr'>si</span> <span class='ocrx_word' id='word_1_61' title='bbox 542 1338 728 1424; x_wconf 87' lang='lat' dir='ltr'>incorrupta</span> <span class='ocrx_word' id='word_1_62' title='bbox 761 1346 795 1404; x_wconf 89' lang='lat' dir='ltr'>et</span> <span class='ocrx_word' id='word_1_63' title='bbox 829 1341 920 1427; x_wconf 84' lang='lat' dir='ltr'>virgo</span> <span class='ocrx_word' id='word_1_64' title='bbox 954 1341 1171 1427; x_wconf 80' lang='lat' dir='ltr'>permanebis,</span> <span class='ocrx_word' id='word_1_65' title='bbox 1197 1342 1200 1426; x_wconf 94' lang='grc' dir='ltr'>Ι</span> <span class='ocrx_word' id='word_1_66' title='bbox 1223 1359 1248 1397; x_wconf 83' lang='lat'>1⁰</span> 
     </span>
     <span class='ocr_line' id='line_1_11' title="bbox 65 1424 1204 1514; baseline 0.003 -24"><span class='ocrx_word' id='word_1_67' title='bbox 65 1426 192 1510; x_wconf 86' lang='lat' dir='ltr'>angelis</span> <span class='ocrx_word' id='word_1_68' title='bbox 221 1424 274 1489; x_wconf 91' lang='lat' dir='ltr'>dei</span> <span class='ocrx_word' id='word_1_69' title='bbox 307 1425 365 1488; x_wconf 91' lang='lat' dir='ltr'>fies</span> <span class='ocrx_word' id='word_1_70' title='bbox 394 1424 552 1509; x_wconf 89' lang='lat' dir='ltr'>aequalis;</span> <span class='ocrx_word' id='word_1_71' title='bbox 581 1425 585 1508; x_wconf 96' lang='grc' dir='ltr'>Ι</span> <span class='ocrx_word' id='word_1_72' title='bbox 610 1425 725 1510; x_wconf 90' lang='lat' dir='ltr'>quibus</span> <span class='ocrx_word' id='word_1_73' title='bbox 757 1425 890 1492; x_wconf 88' lang='lat' dir='ltr'>tandem</span> <span class='ocrx_word' id='word_1_74' title='bbox 921 1429 1051 1514; x_wconf 87' lang='lat' dir='ltr'>stipata,</span> <span class='ocrx_word' id='word_1_75' title='bbox 1079 1428 1084 1511; x_wconf 89' lang='grc' dir='ltr'>Ι</span> <span class='ocrx_word' id='word_1_76' title='bbox 1152 1430 1204 1493; x_wconf 86' lang='lat' dir='ltr'>avi</span> 
     </span>
     <span class='ocr_line' id='line_1_12' title="bbox 66 1511 1203 1601; baseline 0.002 -24"><span class='ocrx_word' id='word_1_77' title='bbox 66 1533 104 1577; x_wconf 92' lang='lat' dir='ltr'>co</span> <span class='ocrx_word' id='word_1_78' title='bbox 147 1513 212 1576; x_wconf 90' lang='lat' dir='ltr'>oris</span> <span class='ocrx_word' id='word_1_79' title='bbox 245 1531 343 1575; x_wconf 89' lang='lat' dir='ltr'>onere</span> <span class='ocrx_word' id='word_1_80' title='bbox 377 1511 515 1592; x_wconf 85' lang='lat' dir='ltr'>abiecta,</span> <span class='ocrx_word' id='word_1_81' title='bbox 546 1512 551 1592; x_wconf 96' lang='grc' dir='ltr'>Ι</span> <span class='ocrx_word' id='word_1_82' title='bbox 582 1513 777 1595; x_wconf 80' lang='lat' dir='ltr'>pertransies</span> <span class='ocrx_word' id='word_1_83' title='bbox 800 1534 888 1596; x_wconf 90' lang='lat' dir='ltr'>aera,</span> <span class='ocrx_word' id='word_1_84' title='bbox 914 1515 919 1598; x_wconf 96' lang='grc' dir='ltr'>Ι</span> <span class='ocrx_word' id='word_1_85' title='bbox 948 1535 1084 1601; x_wconf 91' lang='lat' dir='ltr'>supergr</span> <span class='ocrx_word' id='word_1_86' title='bbox 1129 1516 1203 1579; x_wconf 86' lang='lat' dir='ltr'>’eris</span> 
     </span>
     <span class='ocr_line' id='line_1_13' title="bbox 65 1595 1202 1684; baseline 0.002 -21"><span class='ocrx_word' id='word_1_87' title='bbox 65 1619 106 1663; x_wconf 88' lang='lat' dir='ltr'>ae</span> <span class='ocrx_word' id='word_1_88' title='bbox 145 1618 216 1679; x_wconf 89' lang='lat' dir='ltr'>era,</span> <span class='ocrx_word' id='word_1_89' title='bbox 245 1601 250 1677; x_wconf 97' lang='grc' dir='ltr'>Ι</span> <span class='ocrx_word' id='word_1_90' title='bbox 276 1595 444 1661; x_wconf 83' lang='lat' dir='ltr'>zodiacum</span> <span class='ocrx_word' id='word_1_91' title='bbox 478 1617 647 1683; x_wconf 87' lang='lat' dir='ltr'>percurres</span> <span class='ocrx_word' id='word_1_92' title='bbox 681 1598 848 1680; x_wconf 92' lang='lat' dir='ltr'>circulum,</span> <span class='ocrx_word' id='word_1_93' title='bbox 874 1607 879 1684; x_wconf 97' lang='grc' dir='ltr'>Ι</span> <span class='ocrx_word' id='word_1_94' title='bbox 905 1621 967 1666; x_wconf 89' lang='lat' dir='ltr'>neo</span> <span class='ocrx_word' id='word_1_95' title='bbox 999 1600 1202 1666; x_wconf 90' lang='lat' dir='ltr'>subsistendo</span> 
     </span>
     <span class='ocr_line' id='line_1_14' title="bbox 65 1682 1202 1773; baseline 0.002 -24"><span class='ocrx_word' id='word_1_96' title='bbox 65 1683 266 1770; x_wconf 83' lang='lat' dir='ltr'>temperabis</span> <span class='ocrx_word' id='word_1_97' title='bbox 288 1703 445 1769; x_wconf 77' lang='lat' dir='ltr'>gressum,</span> <span class='ocrx_word' id='word_1_98' title='bbox 464 1683 470 1767; x_wconf 95' lang='grc' dir='ltr'>Ι</span> <span class='ocrx_word' id='word_1_99' title='bbox 490 1682 593 1748; x_wconf 90' lang='lat' dir='ltr'>doueo</span> <span class='ocrx_word' id='word_1_100' title='bbox 615 1685 812 1771; x_wconf 83' lang='lat' dir='ltr'>amplexaris</span> <span class='ocrx_word' id='word_1_101' title='bbox 834 1687 1039 1773; x_wconf 77' lang='lat' dir='ltr'>amplexibus</span> <span class='ocrx_word' id='word_1_102' title='bbox 1061 1688 1118 1753; x_wconf 89' lang='lat' dir='ltr'>filii</span> <span class='ocrx_word' id='word_1_103' title='bbox 1139 1689 1202 1751; x_wconf 85' lang='lat' dir='ltr'>vir·</span> 
     </span>
     <span class='ocr_line' id='line_1_15' title="bbox 65 1769 1248 1857; baseline 0.004 -24"><span class='ocrx_word' id='word_1_104' title='bbox 65 1772 150 1856; x_wconf 80' lang='lat' dir='ltr'>ginis</span> <span class='ocrx_word' id='word_1_105' title='bbox 170 1771 175 1850; x_wconf 92' lang='grc' dir='ltr'>Ι</span> <span class='ocrx_word' id='word_1_106' title='bbox 195 1772 228 1834; x_wconf 93' lang='lat' dir='ltr'>in</span> <span class='ocrx_word' id='word_1_107' title='bbox 249 1769 377 1834; x_wconf 89' lang='lat' dir='ltr'>lucifluo</span> <span class='ocrx_word' id='word_1_108' title='bbox 401 1770 543 1834; x_wconf 88' lang='lat' dir='ltr'>thalamo</span> <span class='ocrx_word' id='word_1_109' title='bbox 566 1771 615 1834; x_wconf 92' lang='lat' dir='ltr'>sui</span> <span class='ocrx_word' id='word_1_110' title='bbox 637 1772 811 1855; x_wconf 89' lang='lat' dir='ltr'>genitricis.</span> <span class='ocrx_word' id='word_1_111' title='bbox 831 1773 835 1857; x_wconf 96' lang='grc' dir='ltr'>Ι</span> <span class='ocrx_word' id='word_1_112' title='bbox 1224 1790 1248 1827; x_wconf 74' lang='lat'>1⁵</span> 
     </span>
    </p>

    <p class='ocr_par' dir='ltr' id='par_1_7' title="bbox 19 1854 1204 2114">
     <span class='ocr_line' id='line_1_16' title="bbox 19 1854 1202 1942; baseline 0.003 -22"><span class='ocrx_word' id='word_1_113' title='bbox 19 1859 41 1920; x_wconf 88' lang='grc'><strong>6</strong></span> <span class='ocrx_word' id='word_1_114' title='bbox 151 1855 270 1922; x_wconf 79' lang='lat' dir='ltr'>Msms.</span> <span class='ocrx_word' id='word_1_115' title='bbox 331 1854 394 1931; x_wconf 85' lang='lat' dir='ltr'>Qui</span> <span class='ocrx_word' id='word_1_116' title='bbox 426 1857 509 1921; x_wconf 88' lang='lat' dir='ltr'>haec</span> <span class='ocrx_word' id='word_1_117' title='bbox 541 1857 634 1942; x_wconf 84' lang='lat' dir='ltr'>parvi</span> <span class='ocrx_word' id='word_1_118' title='bbox 665 1856 801 1942; x_wconf 80' lang='lat' dir='ltr'>pendet,</span> <span class='ocrx_word' id='word_1_119' title='bbox 836 1860 961 1923; x_wconf 90' lang='lat' dir='ltr'>asinum</span> <span class='ocrx_word' id='word_1_120' title='bbox 990 1859 1083 1933; x_wconf 78' lang='lat' dir='ltr'>vivit3</span> <span class='ocrx_word' id='word_1_121' title='bbox 1117 1858 1202 1924; x_wconf 91' lang='lat' dir='ltr'>unde</span> 
     </span>
     <span class='ocr_line' id='line_1_17' title="bbox 64 1941 1204 2031; baseline 0.004 -24"><span class='ocrx_word' id='word_1_122' title='bbox 64 1943 252 2031; x_wconf 87' lang='lat' dir='ltr'>praesentia</span> <span class='ocrx_word' id='word_1_123' title='bbox 281 1941 439 2027; x_wconf 80' lang='lat' dir='ltr'>despicio,</span> <span class='ocrx_word' id='word_1_124' title='bbox 464 1944 469 2025; x_wconf 96' lang='grc' dir='ltr'>Ι</span> <span class='ocrx_word' id='word_1_125' title='bbox 495 1949 619 2007; x_wconf 89' lang='lat' dir='ltr'>memet</span> <span class='ocrx_word' id='word_1_126' title='bbox 647 1944 751 2029; x_wconf 86' lang='lat' dir='ltr'>ipsam</span> <span class='ocrx_word' id='word_1_127' title='bbox 784 1944 926 2031; x_wconf 87' lang='lat' dir='ltr'>denego,</span> <span class='ocrx_word' id='word_1_128' title='bbox 953 1948 958 2027; x_wconf 95' lang='grc' dir='ltr'>Ι</span> <span class='ocrx_word' id='word_1_129' title='bbox 983 1965 1046 2031; x_wconf 92' lang='lat' dir='ltr'>quo</span> <span class='ocrx_word' id='word_1_130' title='bbox 1076 1966 1204 2011; x_wconf 85' lang='lat' dir='ltr'>merear</span> 
     </span>
     <span class='ocr_line' id='line_1_18' title="bbox 64 2027 709 2114; baseline 0.002 -20"><span class='ocrx_word' id='word_1_131' title='bbox 64 2029 182 2094; x_wconf 85' lang='lat' dir='ltr'>ascribi</span> <span class='ocrx_word' id='word_1_132' title='bbox 204 2027 333 2114; x_wconf 88' lang='lat' dir='ltr'>gaudiis</span> <span class='ocrx_word' id='word_1_133' title='bbox 353 2029 359 2110; x_wconf 92' lang='grc' dir='ltr'>Ι</span> <span class='ocrx_word' id='word_1_134' title='bbox 377 2034 488 2092; x_wconf 78' lang='lat' dir='ltr'>tentae</span> <span class='ocrx_word' id='word_1_135' title='bbox 512 2029 683 2095; x_wconf 77' lang='lat' dir='ltr'>felicitatis.</span> <span class='ocrx_word' id='word_1_136' title='bbox 705 2031 709 2111; x_wconf 96' lang='grc' dir='ltr'>Ι</span> 
     </span>
    </p>

    <p class='ocr_par' dir='ltr' id='par_1_8' title="bbox 63 2114 1247 2286">
     <span class='ocr_line' id='line_1_19' title="bbox 150 2114 1204 2204; baseline 0.004 -26"><span class='ocrx_word' id='word_1_137' title='bbox 150 2114 291 2180; x_wconf 72' lang='lat' dir='ltr'>Emona.</span> <span class='ocrx_word' id='word_1_138' title='bbox 336 2114 437 2197; x_wconf 85' lang='lat' dir='ltr'>Eece,</span> <span class='ocrx_word' id='word_1_139' title='bbox 465 2117 678 2182; x_wconf 89' lang='lat' dir='ltr'>nanciscimur</span> <span class='ocrx_word' id='word_1_140' title='bbox 700 2117 733 2181; x_wconf 92' lang='lat' dir='ltr'>iu</span> <span class='ocrx_word' id='word_1_141' title='bbox 755 2123 888 2204; x_wconf 86' lang='lat' dir='ltr'>pectore</span> <span class='ocrx_word' id='word_1_142' title='bbox 911 2115 1049 2182; x_wconf 82' lang='lat' dir='ltr'>infantili</span> <span class='ocrx_word' id='word_1_143' title='bbox 1069 2117 1074 2201; x_wconf 96' lang='grc' dir='ltr'>Ι</span> <span class='ocrx_word' id='word_1_144' title='bbox 1094 2118 1204 2184; x_wconf 87' lang='lat' dir='ltr'>senilis</span> 
     </span>
     <span class='ocr_line' id='line_1_20' title="bbox 63 2201 1247 2286; baseline 0 -19"><span class='ocrx_word' id='word_1_145' title='bbox 63 2201 285 2267; x_wconf 78' lang='lat' dir='ltr'>maturitatem</span> <span class='ocrx_word' id='word_1_146' title='bbox 308 2201 465 2286; x_wconf 74' lang='lat' dir='ltr'>ingenii!</span> <span class='ocrx_word' id='word_1_147' title='bbox 1221 2227 1247 2267; x_wconf 85' lang='lat' dir='ltr'>so</span> 
     </span>
    </p>

    <p class='ocr_par' dir='ltr' id='par_1_9' title="bbox 151 2285 884 2375">
     <span class='ocr_line' id='line_1_21' title="bbox 151 2285 884 2375; baseline 0.003 -25"><span class='ocrx_word' id='word_1_148' title='bbox 151 2289 319 2352; x_wconf 67' lang='lat' dir='ltr'>Asnaum.</span> <span class='ocrx_word' id='word_1_149' title='bbox 364 2285 477 2352; x_wconf 83' lang='lat' dir='ltr'>Gratia</span> <span class='ocrx_word' id='word_1_150' title='bbox 500 2286 553 2353; x_wconf 92' lang='lat' dir='ltr'>dei</span> <span class='ocrx_word' id='word_1_151' title='bbox 576 2287 692 2371; x_wconf 92' lang='lat' dir='ltr'>estid,</span> <span class='ocrx_word' id='word_1_152' title='bbox 715 2287 802 2375; x_wconf 90' lang='lat' dir='ltr'>quod</span> <span class='ocrx_word' id='word_1_153' title='bbox 826 2294 884 2352; x_wconf 89' lang='lat' dir='ltr'>est.</span> 
     </span>
    </p>

    <p class='ocr_par' dir='ltr' id='par_1_10' title="bbox 151 2371 597 2460">
     <span class='ocr_line' id='line_1_22' title="bbox 151 2371 597 2460; baseline 0.002 -23"><span class='ocrx_word' id='word_1_154' title='bbox 151 2371 288 2441; x_wconf 75' lang='lat' dir='ltr'>Errasti.</span> <span class='ocrx_word' id='word_1_155' title='bbox 331 2372 455 2458; x_wconf 87' lang='lat' dir='ltr'>Negari</span> <span class='ocrx_word' id='word_1_156' title='bbox 475 2375 597 2460; x_wconf 89' lang='lat' dir='ltr'>nequit.</span> 
     </span>
    </p>

    <p class='ocr_par' dir='ltr' id='par_1_11' title="bbox 23 2458 1247 2632">
     <span class='ocr_line' id='line_1_23' title="bbox 23 2458 1203 2546; baseline 0.008 -28"><span class='ocrx_word' id='word_1_157' title='bbox 23 2458 40 2518; x_wconf 82' lang='lat'><strong>7</strong></span> <span class='ocrx_word' id='word_1_158' title='bbox 152 2459 320 2525; x_wconf 70' lang='lat' dir='ltr'>Annam</span> <span class='ocrx_word' id='word_1_159' title='bbox 363 2459 430 2524; x_wconf 86' lang='lat' dir='ltr'>Sed</span> <span class='ocrx_word' id='word_1_160' title='bbox 444 2460 521 2525; x_wconf 88' lang='lat' dir='ltr'>licet</span> <span class='ocrx_word' id='word_1_161' title='bbox 536 2460 590 2525; x_wconf 90' lang='lat' dir='ltr'>dei</span> <span class='ocrx_word' id='word_1_162' title='bbox 604 2460 710 2546; x_wconf 85' lang='lat' dir='ltr'>gratia</span> <span class='ocrx_word' id='word_1_163' title='bbox 727 2459 730 2543; x_wconf 97' lang='grc' dir='ltr'>Ι</span> <span class='ocrx_word' id='word_1_164' title='bbox 748 2460 790 2525; x_wconf 90' lang='lat' dir='ltr'>sit</span> <span class='ocrx_word' id='word_1_165' title='bbox 805 2460 974 2539; x_wconf 89' lang='lat' dir='ltr'>illustrata,</span> <span class='ocrx_word' id='word_1_166' title='bbox 994 2464 999 2544; x_wconf 93' lang='grc' dir='ltr'>Ι</span> <span class='ocrx_word' id='word_1_167' title='bbox 1019 2460 1203 2527; x_wconf 88' lang='lat' dir='ltr'>inbecillem</span> 
     </span>
     <span class='ocr_line' id='line_1_24' title="bbox 64 2545 1247 2632; baseline 0.004 -21"><span class='ocrx_word' id='word_1_168' title='bbox 64 2555 179 2611; x_wconf 87' lang='lat' dir='ltr'>tamen</span> <span class='ocrx_word' id='word_1_169' title='bbox 202 2551 345 2610; x_wconf 87' lang='lat' dir='ltr'>aetatem</span> <span class='ocrx_word' id='word_1_170' title='bbox 368 2566 426 2610; x_wconf 88' lang='lat' dir='ltr'>suo</span> <span class='ocrx_word' id='word_1_171' title='bbox 445 2547 450 2628; x_wconf 96' lang='grc' dir='ltr'>Ι</span> <span class='ocrx_word' id='word_1_172' title='bbox 471 2548 517 2611; x_wconf 89' lang='lat' dir='ltr'>uti</span> <span class='ocrx_word' id='word_1_173' title='bbox 539 2567 604 2612; x_wconf 93' lang='lat' dir='ltr'>uon</span> <span class='ocrx_word' id='word_1_174' title='bbox 626 2545 760 2632; x_wconf 89' lang='lat' dir='ltr'>prodest</span> <span class='ocrx_word' id='word_1_175' title='bbox 782 2545 923 2612; x_wconf 88' lang='lat' dir='ltr'>arbitrio.</span> <span class='ocrx_word' id='word_1_176' title='bbox 945 2546 949 2630; x_wconf 92' lang='grc' dir='ltr'>Ι</span> <span class='ocrx_word' id='word_1_177' title='bbox 1221 2576 1247 2618; x_wconf 79' lang='lat' dir='ltr'>ss</span> 
     </span>
    </p>

    <p class='ocr_par' dir='ltr' id='par_1_12' title="bbox 10 2630 1349 2721">
     <span class='ocr_line' id='line_1_25' title="bbox 10 2630 1349 2721; baseline 0.012 -29"><span class='ocrx_word' id='word_1_178' title='bbox 10 2649 47 2699; x_wconf 75' lang='lat' dir='ltr'>rra</span> <span class='ocrx_word' id='word_1_179' title='bbox 154 2631 291 2698; x_wconf 68' lang='lat' dir='ltr'>Remu.</span> <span class='ocrx_word' id='word_1_180' title='bbox 335 2630 468 2696; x_wconf 82' lang='lat' dir='ltr'>Verum.</span> <span class='ocrx_word' id='word_1_181' title='bbox 1224 2654 1272 2721; x_wconf 73' lang='lat' dir='ltr'>sol.</span> <span class='ocrx_word' id='word_1_182' title='bbox 1285 2659 1349 2709; x_wconf 76' lang='lat'>103¹</span> 
     </span>
    </p>

    <p class='ocr_par' dir='ltr' id='par_1_13' title="bbox 62 2717 1204 3056">
     <span class='ocr_line' id='line_1_26' title="bbox 152 2717 1203 2805; baseline 0.002 -23"><span class='ocrx_word' id='word_1_183' title='bbox 152 2717 319 2782; x_wconf 71' lang='lat' dir='ltr'>Annam</span> <span class='ocrx_word' id='word_1_184' title='bbox 365 2717 445 2782; x_wconf 93' lang='lat' dir='ltr'>Ideo</span> <span class='ocrx_word' id='word_1_185' title='bbox 470 2718 587 2782; x_wconf 90' lang='lat' dir='ltr'>faciam</span> <span class='ocrx_word' id='word_1_186' title='bbox 615 2718 661 2782; x_wconf 93' lang='lat' dir='ltr'>illi</span> <span class='ocrx_word' id='word_1_187' title='bbox 685 2720 839 2805; x_wconf 88' lang='lat' dir='ltr'>exiguam</span> <span class='ocrx_word' id='word_1_188' title='bbox 858 2719 863 2802; x_wconf 96' lang='grc' dir='ltr'>Ι</span> <span class='ocrx_word' id='word_1_189' title='bbox 883 2717 924 2784; x_wconf 88' lang='lat' dir='ltr'>ab</span> <span class='ocrx_word' id='word_1_190' title='bbox 948 2719 1081 2784; x_wconf 90' lang='lat' dir='ltr'>introitu</span> <span class='ocrx_word' id='word_1_191' title='bbox 1103 2718 1203 2784; x_wconf 89' lang='lat' dir='ltr'>cellu-</span> 
     </span>
     <span class='ocr_line' id='line_1_27' title="bbox 62 2804 1203 2891; baseline -0.002 -21"><span class='ocrx_word' id='word_1_192' title='bbox 62 2806 131 2870; x_wconf 85' lang='lat' dir='ltr'>lam</span> <span class='ocrx_word' id='word_1_193' title='bbox 154 2805 161 2889; x_wconf 96' lang='grc' dir='ltr'>Ι</span> <span class='ocrx_word' id='word_1_194' title='bbox 185 2804 268 2868; x_wconf 90' lang='lat' dir='ltr'>meis</span> <span class='ocrx_word' id='word_1_195' title='bbox 301 2805 528 2869; x_wconf 90' lang='lat' dir='ltr'>mansiunculis</span> <span class='ocrx_word' id='word_1_196' title='bbox 561 2804 761 2891; x_wconf 87' lang='lat' dir='ltr'>contiguam,</span> <span class='ocrx_word' id='word_1_197' title='bbox 786 2809 791 2886; x_wconf 95' lang='grc' dir='ltr'>Ι</span> <span class='ocrx_word' id='word_1_198' title='bbox 815 2826 875 2891; x_wconf 89' lang='lat' dir='ltr'>per</span> <span class='ocrx_word' id='word_1_199' title='bbox 907 2805 996 2870; x_wconf 90' lang='lat' dir='ltr'>ouius</span> <span class='ocrx_word' id='word_1_200' title='bbox 1027 2804 1203 2871; x_wconf 85' lang='lat' dir='ltr'>fenestram</span> 
     </span>
     <span class='ocr_line' id='line_1_28' title="bbox 62 2890 1204 2979; baseline 0.002 -25"><span class='ocrx_word' id='word_1_201' title='bbox 62 2890 257 2979; x_wconf 84' lang='lat' dir='ltr'>psalterium</span> <span class='ocrx_word' id='word_1_202' title='bbox 287 2896 476 2977; x_wconf 87' lang='lat' dir='ltr'>ceterasque</span> <span class='ocrx_word' id='word_1_203' title='bbox 507 2890 634 2955; x_wconf 85' lang='lat' dir='ltr'>divinae</span> <span class='ocrx_word' id='word_1_204' title='bbox 666 2893 748 2977; x_wconf 89' lang='lat' dir='ltr'>legis</span> <span class='ocrx_word' id='word_1_205' title='bbox 779 2893 915 2978; x_wconf 87' lang='lat' dir='ltr'>paginas</span> <span class='ocrx_word' id='word_1_206' title='bbox 944 2892 1033 2956; x_wconf 87' lang='lat' dir='ltr'>illam</span> <span class='ocrx_word' id='word_1_207' title='bbox 1063 2891 1204 2956; x_wconf 87' lang='lat' dir='ltr'>crebrius</span> 
     </span>
     <span class='ocr_line' id='line_1_29' title="bbox 62 2975 441 3056; baseline -0.008 -13"><span class='ocrx_word' id='word_1_208' title='bbox 62 2975 228 3043; x_wconf 75' lang='lat' dir='ltr'>visitando</span> <span class='ocrx_word' id='word_1_209' title='bbox 250 2976 441 3056; x_wconf 73' lang='lat' dir='ltr'>instruam!</span> 
     </span>
    </p>

    <p class='ocr_par' dir='ltr' id='par_1_14' title="bbox 153 3061 1249 3134">
     <span class='ocr_line' id='line_1_30' title="bbox 153 3061 1249 3134; baseline -0.006 -6"><span class='ocrx_word' id='word_1_210' title='bbox 153 3062 293 3128; x_wconf 77' lang='lat' dir='ltr'>Euenus.</span> <span class='ocrx_word' id='word_1_211' title='bbox 337 3061 508 3129; x_wconf 76' lang='lat' dir='ltr'>Convenit.</span> <span class='ocrx_word' id='word_1_212' title='bbox 1223 3095 1249 3134; x_wconf 63' lang='lat'>³0</span> 
     </span>
    </p>

    <p class='ocr_par' dir='ltr' id='par_1_15' title="bbox 18 3145 1162 3231">
     <span class='ocr_line' id='line_1_31' title="bbox 18 3145 1162 3231; baseline 0.002 -22"><span class='ocrx_word' id='word_1_213' title='bbox 18 3145 40 3209; x_wconf 86' lang='lat'><strong>8</strong></span> <span class='ocrx_word' id='word_1_214' title='bbox 153 3147 272 3213; x_wconf 72' lang='lat' dir='ltr'>Masis.</span> <span class='ocrx_word' id='word_1_215' title='bbox 315 3148 397 3231; x_wconf 82' lang='lat' dir='ltr'>Tuo,</span> <span class='ocrx_word' id='word_1_216' title='bbox 442 3156 514 3214; x_wconf 84' lang='lat' dir='ltr'>ater</span> <span class='ocrx_word' id='word_1_217' title='bbox 534 3148 668 3231; x_wconf 82' lang='lat' dir='ltr'>Effrem,</span> <span class='ocrx_word' id='word_1_218' title='bbox 692 3149 888 3214; x_wconf 79' lang='lat' dir='ltr'>interventui</span> <span class='ocrx_word' id='word_1_219' title='bbox 909 3169 962 3214; x_wconf 90' lang='lat' dir='ltr'>me</span> <span class='ocrx_word' id='word_1_220' title='bbox 985 3148 1162 3214; x_wconf 89' lang='lat' dir='ltr'>committo.</span> 
     </span>
    </p>

    <p class='ocr_par' dir='ltr' id='par_1_16' title="bbox 64 3170 1203 3406">
     <span class='ocr_line' id='line_1_32' title="bbox 153 3170 1203 3322; baseline -0.002 -22"><span class='ocrx_word' id='word_1_221' title='bbox 153 3234 291 3300; x_wconf 78' lang='lat' dir='ltr'>Errasu.</span> <span class='ocrx_word' id='word_1_222' title='bbox 353 3170 513 3302; x_wconf 59' lang='lat' dir='ltr'>Caelestis</span> <span class='ocrx_word' id='word_1_223' title='bbox 545 3256 696 3322; x_wconf 89' lang='lat' dir='ltr'>sponsus,</span> <span class='ocrx_word' id='word_1_224' title='bbox 735 3237 823 3300; x_wconf 90' lang='lat' dir='ltr'>cuius</span> <span class='ocrx_word' id='word_1_225' title='bbox 857 3235 977 3300; x_wconf 84' lang='lat' dir='ltr'>affectu</span> <span class='ocrx_word' id='word_1_226' title='bbox 1012 3235 1045 3300; x_wconf 92' lang='lat' dir='ltr'>in</span> <span class='ocrx_word' id='word_1_227' title='bbox 1082 3235 1203 3299; x_wconf 89' lang='lat' dir='ltr'>tenella</span> 
     </span>
     <span class='ocr_line' id='line_1_33' title="bbox 64 3320 1202 3406; baseline -0.001 -19"><span class='ocrx_word' id='word_1_228' title='bbox 64 3327 180 3387; x_wconf 82' lang='lat' dir='ltr'>astate</span> <span class='ocrx_word' id='word_1_229' title='bbox 202 3320 378 3401; x_wconf 88' lang='lat' dir='ltr'>inhaesisti,</span> <span class='ocrx_word' id='word_1_230' title='bbox 398 3326 403 3406; x_wconf 94' lang='grc' dir='ltr'>Ι</span> <span class='ocrx_word' id='word_1_231' title='bbox 423 3328 553 3387; x_wconf 85' lang='lat' dir='ltr'>tueatur</span> <span class='ocrx_word' id='word_1_232' title='bbox 574 3328 618 3404; x_wconf 89' lang='lat' dir='ltr'>te,</span> <span class='ocrx_word' id='word_1_233' title='bbox 640 3322 716 3400; x_wconf 88' lang='lat' dir='ltr'>filia,</span> <span class='ocrx_word' id='word_1_234' title='bbox 741 3324 781 3387; x_wconf 85' lang='lat' dir='ltr'>ab</span> <span class='ocrx_word' id='word_1_235' title='bbox 806 3323 893 3386; x_wconf 93' lang='lat' dir='ltr'>omni</span> <span class='ocrx_word' id='word_1_236' title='bbox 916 3321 1029 3387; x_wconf 85' lang='lat' dir='ltr'>fraude</span> <span class='ocrx_word' id='word_1_237' title='bbox 1053 3320 1202 3406; x_wconf 69' lang='lat' dir='ltr'>diabolil</span> 
     </span>
    </p>
   </div>
   <div class='ocr_carea' id='block_1_4' title="bbox 21 3510 1250 3857">
    <p class='ocr_par' dir='ltr' id='par_1_17' title="bbox 21 3510 1250 3857">
     <span class='ocr_line' id='line_1_34' title="bbox 21 3510 1205 3597; baseline -0.003 -21"><span class='ocrx_word' id='word_1_238' title='bbox 21 3528 35 3586; x_wconf 81' lang='grc' dir='ltr'>ι</span> <span class='ocrx_word' id='word_1_239' title='bbox 154 3511 322 3580; x_wconf 65' lang='lat' dir='ltr'>Annam</span> <span class='ocrx_word' id='word_1_240' title='bbox 366 3511 483 3576; x_wconf 83' lang='lat' dir='ltr'>Frater</span> <span class='ocrx_word' id='word_1_241' title='bbox 504 3510 645 3592; x_wconf 86' lang='lat' dir='ltr'>Effrem,</span> <span class='ocrx_word' id='word_1_242' title='bbox 673 3512 701 3576; x_wconf 89' lang='lat' dir='ltr'>si</span> <span class='ocrx_word' id='word_1_243' title='bbox 728 3510 804 3597; x_wconf 91' lang='lat' dir='ltr'>quid</span> <span class='ocrx_word' id='word_1_244' title='bbox 832 3512 912 3576; x_wconf 89' lang='lat' dir='ltr'>mihi</span> <span class='ocrx_word' id='word_1_245' title='bbox 933 3511 1100 3596; x_wconf 89' lang='lat' dir='ltr'>utriusque</span> <span class='ocrx_word' id='word_1_246' title='bbox 1129 3529 1205 3574; x_wconf 88' lang='lat' dir='ltr'>casu</span> 
     </span>
     <span class='ocr_line' id='line_1_35' title="bbox 66 3596 1250 3685; baseline -0.003 -22"><span class='ocrx_word' id='word_1_247' title='bbox 66 3598 218 3663; x_wconf 87' lang='lat' dir='ltr'>fortunae</span> <span class='ocrx_word' id='word_1_248' title='bbox 250 3598 420 3683; x_wconf 87' lang='lat' dir='ltr'>ingeritur,</span> <span class='ocrx_word' id='word_1_249' title='bbox 451 3605 484 3663; x_wconf 90' lang='lat' dir='ltr'>te</span> <span class='ocrx_word' id='word_1_250' title='bbox 515 3599 654 3685; x_wconf 89' lang='lat' dir='ltr'>primum</span> <span class='ocrx_word' id='word_1_251' title='bbox 684 3596 784 3678; x_wconf 89' lang='lat' dir='ltr'>adeo,</span> <span class='ocrx_word' id='word_1_252' title='bbox 808 3597 813 3681; x_wconf 95' lang='grc' dir='ltr'>Ι</span> <span class='ocrx_word' id='word_1_253' title='bbox 837 3605 872 3663; x_wconf 86' lang='lat' dir='ltr'>te</span> <span class='ocrx_word' id='word_1_254' title='bbox 901 3598 1005 3662; x_wconf 91' lang='lat' dir='ltr'>solum</span> <span class='ocrx_word' id='word_1_255' title='bbox 1033 3596 1182 3668; x_wconf 91' lang='lat' dir='ltr'>consulo;</span> <span class='ocrx_word' id='word_1_256' title='bbox 1200 3596 1204 3680; x_wconf 96' lang='grc' dir='ltr'>Ι</span> <span class='ocrx_word' id='word_1_257' title='bbox 1223 3628 1250 3668; x_wconf 63' lang='lat'>³,</span> 
     </span>
     <span class='ocr_line' id='line_1_36' title="bbox 66 3681 1206 3771; baseline -0.003 -22"><span class='ocrx_word' id='word_1_258' title='bbox 66 3684 154 3749; x_wconf 92' lang='lat' dir='ltr'>unde</span> <span class='ocrx_word' id='word_1_259' title='bbox 178 3704 219 3749; x_wconf 91' lang='lat' dir='ltr'>ne</span> <span class='ocrx_word' id='word_1_260' title='bbox 242 3685 285 3747; x_wconf 89' lang='lat' dir='ltr'>sia</span> <span class='ocrx_word' id='word_1_261' title='bbox 307 3683 462 3749; x_wconf 82' lang='lat' dir='ltr'>adversus</span> <span class='ocrx_word' id='word_1_262' title='bbox 486 3683 716 3770; x_wconf 89' lang='lat' dir='ltr'>querimoniae,</span> <span class='ocrx_word' id='word_1_263' title='bbox 740 3705 837 3771; x_wconf 90' lang='lat' dir='ltr'>quam</span> <span class='ocrx_word' id='word_1_264' title='bbox 852 3703 1041 3771; x_wconf 89' lang='lat' dir='ltr'>prosequor,</span> <span class='ocrx_word' id='word_1_265' title='bbox 1057 3684 1061 3768; x_wconf 97' lang='grc' dir='ltr'>Ι</span> <span class='ocrx_word' id='word_1_266' title='bbox 1075 3681 1134 3747; x_wconf 89' lang='lat' dir='ltr'>sed</span> <span class='ocrx_word' id='word_1_267' title='bbox 1157 3682 1206 3748; x_wconf 89' lang='lat' dir='ltr'>fer</span> 
     </span>
     <span class='ocr_line' id='line_1_37' title="bbox 65 3768 583 3857; baseline -0.002 -21"><span class='ocrx_word' id='word_1_268' title='bbox 65 3791 165 3856; x_wconf 90' lang='lat' dir='ltr'>opem</span> <span class='ocrx_word' id='word_1_269' title='bbox 188 3768 300 3851; x_wconf 87' lang='lat' dir='ltr'>dolori,</span> <span class='ocrx_word' id='word_1_270' title='bbox 323 3791 420 3857; x_wconf 89' lang='lat' dir='ltr'>quem</span> <span class='ocrx_word' id='word_1_271' title='bbox 441 3771 557 3857; x_wconf 89' lang='lat' dir='ltr'>patior.</span> <span class='ocrx_word' id='word_1_272' title='bbox 577 3775 583 3851; x_wconf 92' lang='grc' dir='ltr'>Ι</span> 
     </span>
    </p>
   </div>
   <div class='ocr_carea' id='block_1_5' title="bbox 154 3906 1209 3979">
    <p class='ocr_par' dir='ltr' id='par_1_18' title="bbox 154 3906 1209 3979">
     <span class='ocr_line' id='line_1_38' title="bbox 154 3906 1209 3979; baseline -0.003 -18"><span class='ocrx_word' id='word_1_273' title='bbox 154 3906 189 3961; x_wconf 71' lang='lat'>12</span> <span class='ocrx_word' id='word_1_274' title='bbox 199 3910 301 3962; x_wconf 79' lang='lat' dir='ltr'>abiecto</span> <span class='ocrx_word' id='word_1_275' title='bbox 315 3910 394 3962; x_wconf 71' lang='lat' dir='ltr'>Uellea</span> <span class='ocrx_word' id='word_1_276' title='bbox 464 3907 497 3962; x_wconf 81' lang='lat'>16</span> <span class='ocrx_word' id='word_1_277' title='bbox 509 3912 571 3978; x_wconf 74' lang='lat' dir='ltr'>fort.</span> <span class='ocrx_word' id='word_1_278' title='bbox 583 3912 658 3979; x_wconf 81' lang='lat' dir='ltr'>parvi</span> <span class='ocrx_word' id='word_1_279' title='bbox 670 3907 778 3978; x_wconf 72' lang='lat' dir='ltr'>pendit!</span> <span class='ocrx_word' id='word_1_280' title='bbox 844 3907 878 3961; x_wconf 75' lang='grc'>27</span> <span class='ocrx_word' id='word_1_281' title='bbox 891 3907 965 3977; x_wconf 91' lang='lat' dir='ltr'>meis]</span> <span class='ocrx_word' id='word_1_282' title='bbox 978 3907 1209 3975; x_wconf 77' lang='lat' dir='ltr'>mancceperatlf</span> 
     </span>
    </p>
   </div>
   <div class='ocr_carea' id='block_1_6' title="bbox 64 4025 1211 4512">
    <p class='ocr_par' dir='ltr' id='par_1_19' title="bbox 64 4025 1211 4512">
     <span class='ocr_line' id='line_1_39' title="bbox 153 4025 1207 4098; baseline -0.003 -15"><span class='ocrx_word' id='word_1_283' title='bbox 153 4028 188 4083; x_wconf 93' lang='grc'>10</span> <span class='ocrx_word' id='word_1_284' title='bbox 199 4031 235 4098; x_wconf 77' lang='lat' dir='ltr'>cf.</span> <span class='ocrx_word' id='word_1_285' title='bbox 250 4025 328 4097; x_wconf 63' lang='lat' dir='ltr'>Q».</span> <span class='ocrx_word' id='word_1_286' title='bbox 340 4030 372 4082; x_wconf 82' lang='lat' dir='ltr'>de</span> <span class='ocrx_word' id='word_1_287' title='bbox 383 4030 441 4081; x_wconf 80' lang='lat' dir='ltr'>bct.</span> <span class='ocrx_word' id='word_1_288' title='bbox 455 4030 518 4096; x_wconf 69' lang='lat' dir='ltr'>virg.</span> <span class='ocrx_word' id='word_1_289' title='bbox 531 4047 553 4083; x_wconf 83' lang='lat' dir='ltr'>c.</span> <span class='ocrx_word' id='word_1_290' title='bbox 562 4034 595 4082; x_wconf 79' lang='lat'>22</span> <span class='ocrx_word' id='word_1_291' title='bbox 606 4027 639 4094; x_wconf 88' lang='lat'>(1</span> <span class='ocrx_word' id='word_1_292' title='bbox 643 4047 672 4096; x_wconf 83' lang='lat' dir='ltr'>p.</span> <span class='ocrx_word' id='word_1_293' title='bbox 685 4031 745 4094; x_wconf 77' lang='lat'>203,</span> <span class='ocrx_word' id='word_1_294' title='bbox 754 4034 787 4082; x_wconf 74' lang='lat'>15</span> <span class='ocrx_word' id='word_1_295' title='bbox 799 4029 835 4082; x_wconf 88' lang='lat' dir='ltr'>H.</span> <span class='ocrx_word' id='word_1_296' title='bbox 846 4050 879 4073; x_wconf 99' lang='lat'>=</span> <span class='ocrx_word' id='word_1_297' title='bbox 889 4029 980 4081; x_wconf 75' lang='lat' dir='ltr'>Massi</span> <span class='ocrx_word' id='word_1_298' title='bbox 989 4029 1064 4080; x_wconf 81' lang='lat' dir='ltr'>XIV</span> <span class='ocrx_word' id='word_1_299' title='bbox 1072 4030 1119 4082; x_wconf 86' lang='lat' dir='ltr'>ccl.</span> <span class='ocrx_word' id='word_1_300' title='bbox 1129 4030 1207 4093; x_wconf 75' lang='lat'>2680,</span> 
     </span>
     <span class='ocr_line' id='line_1_40' title="bbox 65 4098 1206 4167; baseline -0.003 -14"><span class='ocrx_word' id='word_1_301' title='bbox 65 4100 156 4153; x_wconf 74' lang='grc' dir='ltr'><strong>ωιαΊ.</strong></span> <span class='ocrx_word' id='word_1_302' title='bbox 174 4099 334 4166; x_wconf 67' lang='grc' dir='ltr'>Δφάιφωι</span> <span class='ocrx_word' id='word_1_303' title='bbox 354 4116 379 4151; x_wconf 89' lang='lat' dir='ltr'>a.</span> <span class='ocrx_word' id='word_1_304' title='bbox 391 4102 442 4152; x_wconf 82' lang='grc'>816</span> <span class='ocrx_word' id='word_1_305' title='bbox 459 4116 481 4152; x_wconf 84' lang='lat' dir='ltr'>c.</span> <span class='ocrx_word' id='word_1_306' title='bbox 493 4099 522 4166; x_wconf 78' lang='lat'>4)</span> <span class='ocrx_word' id='word_1_307' title='bbox 540 4116 600 4152; x_wconf 90' lang='lat' dir='ltr'>oum</span> <span class='ocrx_word' id='word_1_308' title='bbox 617 4107 704 4152; x_wconf 63' lang='lat' dir='ltr'>casus</span> <span class='ocrx_word' id='word_1_309' title='bbox 721 4100 895 4166; x_wconf 81' lang='lat' dir='ltr'>perseveratis</span> <span class='ocrx_word' id='word_1_310' title='bbox 913 4100 1082 4167; x_wconf 72' lang='lat' dir='ltr'>aerugines,</span> <span class='ocrx_word' id='word_1_311' title='bbox 1106 4098 1206 4165; x_wconf 81' lang='lat' dir='ltr'>augelis</span> 
     </span>
     <span class='ocr_line' id='line_1_41' title="bbox 65 4167 1206 4236; baseline -0.002 -14"><span class='ocrx_word' id='word_1_312' title='bbox 65 4170 106 4222; x_wconf 83' lang='lat' dir='ltr'>dei</span> <span class='ocrx_word' id='word_1_313' title='bbox 123 4172 185 4222; x_wconf 78' lang='lat' dir='ltr'>cotis</span> <span class='ocrx_word' id='word_1_314' title='bbox 202 4169 333 4235; x_wconf 73' lang='lat' dir='ltr'>aequales.</span> <span class='ocrx_word' id='word_1_315' title='bbox 411 4167 444 4220; x_wconf 83' lang='lat'>16</span> <span class='ocrx_word' id='word_1_316' title='bbox 461 4170 495 4236; x_wconf 73' lang='lat' dir='ltr'>cf.</span> <span class='ocrx_word' id='word_1_317' title='bbox 508 4167 599 4221; x_wconf 80' lang='lat' dir='ltr'>Boetb.</span> <span class='ocrx_word' id='word_1_318' title='bbox 611 4168 706 4220; x_wconf 78' lang='lat' dir='ltr'>comet.</span> <span class='ocrx_word' id='word_1_319' title='bbox 719 4168 818 4222; x_wconf 72' lang='lat' dir='ltr'>Philas.</span> <span class='ocrx_word' id='word_1_320' title='bbox 832 4168 880 4219; x_wconf 86' lang='lat' dir='ltr'>IV</span> <span class='ocrx_word' id='word_1_321' title='bbox 888 4187 933 4236; x_wconf 79' lang='lat' dir='ltr'>pr.</span> <span class='ocrx_word' id='word_1_322' title='bbox 942 4171 967 4233; x_wconf 87' lang='lat'>3,</span> <span class='ocrx_word' id='word_1_323' title='bbox 975 4173 1006 4220; x_wconf 81' lang='lat'>61</span> <span class='ocrx_word' id='word_1_324' title='bbox 1023 4169 1051 4221; x_wconf 91' lang='lat' dir='ltr'>lu</span> <span class='ocrx_word' id='word_1_325' title='bbox 1070 4184 1114 4219; x_wconf 90' lang='lat' dir='ltr'>um</span> <span class='ocrx_word' id='word_1_326' title='bbox 1133 4168 1206 4220; x_wconf 78' lang='lat' dir='ltr'>vivit.</span> 
     </span>
     <span class='ocr_line' id='line_1_42' title="bbox 66 4235 1211 4306; baseline -0.004 -15"><span class='ocrx_word' id='word_1_327' title='bbox 66 4238 99 4290; x_wconf 81' lang='lat'>19</span> <span class='ocrx_word' id='word_1_328' title='bbox 115 4241 150 4306; x_wconf 72' lang='lat' dir='ltr'>ss.</span> <span class='ocrx_word' id='word_1_329' title='bbox 168 4239 234 4291; x_wconf 76' lang='lat' dir='ltr'>odra.</span> <span class='ocrx_word' id='word_1_330' title='bbox 252 4237 291 4289; x_wconf 78' lang='lat' dir='ltr'>cd</span> <span class='ocrx_word' id='word_1_331' title='bbox 309 4238 444 4304; x_wconf 55' lang='lat' dir='ltr'>coepas.</span> <span class='ocrx_word' id='word_1_332' title='bbox 513 4235 549 4289; x_wconf 77' lang='lat'>23</span> <span class='ocrx_word' id='word_1_333' title='bbox 566 4240 600 4306; x_wconf 80' lang='lat' dir='ltr'>ef.</span> <span class='ocrx_word' id='word_1_334' title='bbox 613 4254 682 4290; x_wconf 78' lang='lat' dir='ltr'>cono.</span> <span class='ocrx_word' id='word_1_335' title='bbox 696 4236 818 4306; x_wconf 76' lang='lat' dir='ltr'>Apso&#39;epr.</span> <span class='ocrx_word' id='word_1_336' title='bbox 836 4240 922 4290; x_wconf 60' lang='lat' dir='ltr'>aare</span> <span class='ocrx_word' id='word_1_337' title='bbox 939 4255 961 4289; x_wconf 82' lang='lat' dir='ltr'>c.</span> <span class='ocrx_word' id='word_1_338' title='bbox 971 4242 1003 4290; x_wconf 87' lang='lat'>10</span> <span class='ocrx_word' id='word_1_339' title='bbox 1020 4236 1035 4303; x_wconf 90' lang='lat'><em>(</em></span> <span class='ocrx_word' id='word_1_340' title='bbox 1064 4236 1182 4289; x_wconf 75' lang='lat' dir='ltr'>osuiXI</span> <span class='ocrx_word' id='word_1_341' title='bbox 1187 4236 1211 4286; x_wconf 84' lang='lat' dir='ltr'><em>V</em></span> 
     </span>
     <span class='ocr_line' id='line_1_43' title="bbox 64 4307 1207 4376; baseline -0.003 -14"><span class='ocrx_word' id='word_1_342' title='bbox 64 4309 112 4361; x_wconf 74' lang='lat' dir='ltr'>cot</span> <span class='ocrx_word' id='word_1_343' title='bbox 126 4309 208 4375; x_wconf 67' lang='lat' dir='ltr'>w)</span> <span class='ocrx_word' id='word_1_344' title='bbox 231 4308 382 4376; x_wconf 78' lang='lat' dir='ltr'>praesertim</span> <span class='ocrx_word' id='word_1_345' title='bbox 405 4323 465 4359; x_wconf 89' lang='lat' dir='ltr'>cum</span> <span class='ocrx_word' id='word_1_346' title='bbox 487 4307 578 4359; x_wconf 75' lang='lat' dir='ltr'>boatus</span> <span class='ocrx_word' id='word_1_347' title='bbox 594 4308 770 4373; x_wconf 87' lang='lat' dir='ltr'>Hieronymus</span> <span class='ocrx_word' id='word_1_348' title='bbox 791 4308 861 4359; x_wconf 82' lang='lat' dir='ltr'>dicat</span> <span class='ocrx_word' id='word_1_349' title='bbox 884 4308 1009 4374; x_wconf 74' lang='lat' dir='ltr'>pessimos</span> <span class='ocrx_word' id='word_1_350' title='bbox 1026 4323 1083 4360; x_wconf 88' lang='lat' dir='ltr'>esse</span> <span class='ocrx_word' id='word_1_351' title='bbox 1099 4323 1207 4360; x_wconf 69' lang='lat' dir='ltr'>consuo</span> 
     </span>
     <span class='ocr_line' id='line_1_44' title="bbox 64 4373 1205 4512; baseline -0.005 -81"><span class='ocrx_word' id='word_1_352' title='bbox 64 4379 250 4512; x_wconf 57' lang='lat' dir='ltr'>mdiuis,§cum</span> <span class='ocrx_word' id='word_1_353' title='bbox 262 4376 363 4444; x_wconf 72' lang='lat' dir='ltr'>fragilis</span> <span class='ocrx_word' id='word_1_354' title='bbox 373 4391 452 4430; x_wconf 76' lang='lat' dir='ltr'>naxus</span> <span class='ocrx_word' id='word_1_355' title='bbox 469 4383 495 4429; x_wconf 82' lang='lat' dir='ltr'>st</span> <span class='ocrx_word' id='word_1_356' title='bbox 506 4377 642 4431; x_wconf 82' lang='lat' dir='ltr'>imbecillis</span> <span class='ocrx_word' id='word_1_357' title='bbox 659 4384 731 4429; x_wconf 82' lang='lat' dir='ltr'>aetas</span> <span class='ocrx_word' id='word_1_358' title='bbox 743 4394 791 4430; x_wconf 88' lang='lat' dir='ltr'>suo</span> <span class='ocrx_word' id='word_1_359' title='bbox 809 4377 915 4430; x_wconf 73' lang='lat' dir='ltr'>arbitrio</span> <span class='ocrx_word' id='word_1_360' title='bbox 926 4377 1052 4432; x_wconf 80' lang='lat' dir='ltr'>abutitur.</span> <span class='ocrx_word' id='word_1_361' title='bbox 1122 4373 1157 4428; x_wconf 76' lang='grc'>32</span> <span class='ocrx_word' id='word_1_362' title='bbox 1168 4376 1205 4442; x_wconf 73' lang='lat' dir='ltr'>cf.</span> 
     </span>
    </p>
   </div>
   <div class='ocr_carea' id='block_1_7' title="bbox 0 0 1460 5024">
    <p class='ocr_par' dir='ltr' id='par_1_20' title="bbox 0 0 1460 5024">
     <span class='ocr_line' id='line_1_45' title="bbox 0 0 1460 5024; baseline 0 2"><span class='ocrx_word' id='word_1_363' title='bbox 0 0 1460 5024; x_wconf 95' lang='lat' dir='ltr'> </span> 
     </span>
    </p>
   </div>
  </div>
 </body>
</html>
