<?xml version="1.0" encoding="UTF-8"?>
<!DOCTYPE html PUBLIC "-//W3C//DTD XHTML 1.0 Transitional//EN"
    "http://www.w3.org/TR/xhtml1/DTD/xhtml1-transitional.dtd">
<html xmlns="http://www.w3.org/1999/xhtml" xml:lang="en" lang="en">
 <head>
  <title>
</title>
<meta http-equiv="Content-Type" content="text/html;charset=utf-8" />
  <meta name='ocr-system' content='tesseract 3.04.00' />
  <meta name='ocr-capabilities' content='ocr_page ocr_carea ocr_par ocr_line ocrx_word'/>
</head>
<body>
  <div class='ocr_page' id='page_1' title='image "./hrotsvithaeoper02hrotgoog_0105.png"; bbox 0 0 2910 5024; ppageno 0'>
   <div class='ocr_carea' id='block_1_1' title="bbox 517 318 927 375">
    <p class='ocr_par' dir='ltr' id='par_1_1' title="bbox 517 318 927 375">
     <span class='ocr_line' id='line_1_1' title="bbox 517 318 927 375; baseline 0.005 -2"><span class='ocrx_word' id='word_1_1' title='bbox 517 318 779 375; x_wconf 79' lang='lat' dir='ltr'>HROTSVITHAE</span> <span class='ocrx_word' id='word_1_2' title='bbox 798 318 927 375; x_wconf 78' lang='lat' dir='ltr'>OPERA.</span> 
     </span>
    </p>
   </div>
   <div class='ocr_carea' id='block_1_2' title="bbox 265 488 1122 752">
    <p class='ocr_par' dir='ltr' id='par_1_2' title="bbox 265 488 1122 752">
     <span class='ocr_line' id='line_1_2' title="bbox 265 488 1113 576; baseline 0 -18"><span class='ocrx_word' id='word_1_3' title='bbox 265 492 343 559; x_wconf 83' lang='lat' dir='ltr'><strong>Sola</strong></span> <span class='ocrx_word' id='word_1_4' title='bbox 363 493 442 557; x_wconf 91' lang='lat' dir='ltr'><strong>mihi</strong></span> <span class='ocrx_word' id='word_1_5' title='bbox 463 493 578 558; x_wconf 81' lang='lat' dir='ltr'><strong>veniae</strong></span> <span class='ocrx_word' id='word_1_6' title='bbox 601 493 685 576; x_wconf 89' lang='lat' dir='ltr'><strong>potis</strong></span> <span class='ocrx_word' id='word_1_7' title='bbox 709 497 758 555; x_wconf 90' lang='lat' dir='ltr'><strong>est</strong></span> <span class='ocrx_word' id='word_1_8' title='bbox 780 488 994 556; x_wconf 80' lang='lat' dir='ltr'><strong>medicamina</strong></span> <span class='ocrx_word' id='word_1_9' title='bbox 1015 492 1113 568; x_wconf 81' lang='lat' dir='ltr'><strong>ferre,</strong></span> 
     </span>
     <span class='ocr_line' id='line_1_3' title="bbox 267 578 1122 726; baseline 0.001 -82"><span class='ocrx_word' id='word_1_10' title='bbox 267 581 301 644; x_wconf 83' lang='lat' dir='ltr'><strong>Si</strong></span> <span class='ocrx_word' id='word_1_11' title='bbox 346 600 390 680; x_wconf 40' lang='lat' dir='ltr'><strong>ro·</strong></span> <span class='ocrx_word' id='word_1_12' title='bbox 404 599 457 645; x_wconf 92' lang='lat' dir='ltr'><strong>me</strong></span> <span class='ocrx_word' id='word_1_13' title='bbox 480 580 645 680; x_wconf 74' lang='lat' dir='ltr'><strong>proprium</strong></span> <span class='ocrx_word' id='word_1_14' title='bbox 669 578 819 678; x_wconf 86' lang='lat' dir='ltr'><strong>dignatur</strong></span> <span class='ocrx_word' id='word_1_15' title='bbox 840 597 976 726; x_wconf 71' lang='lat' dir='ltr'><strong>poscere</strong></span> <span class='ocrx_word' id='word_1_16' title='bbox 999 586 1122 646; x_wconf 90' lang='lat' dir='ltr'><strong>natum.</strong></span> 
     </span>
     <span class='ocr_line' id='line_1_4' title="bbox 265 662 970 752; baseline -0.003 -21"><span class='ocrx_word' id='word_1_17' title='bbox 265 667 309 731; x_wconf 81' lang='lat' dir='ltr'><strong>Sa</strong></span> <span class='ocrx_word' id='word_1_18' title='bbox 334 716 342 745; x_wconf 98' lang='lat'><strong>,</strong></span> <span class='ocrx_word' id='word_1_19' title='bbox 366 688 392 729; x_wconf 90' lang='lat' dir='ltr'><strong>s1</strong></span> <span class='ocrx_word' id='word_1_20' title='bbox 414 666 545 752; x_wconf 78' lang='lat' dir='ltr'><strong>pollutis</strong></span> <span class='ocrx_word' id='word_1_21' title='bbox 567 666 655 729; x_wconf 75' lang='lat' dir='ltr'><strong>illam</strong></span> <span class='ocrx_word' id='word_1_22' title='bbox 678 672 819 749; x_wconf 70' lang='lat' dir='ltr'><strong>rogitare</strong></span> <span class='ocrx_word' id='word_1_23' title='bbox 855 662 970 729; x_wconf 88' lang='lat' dir='ltr'><strong>abelhs</strong></span> 
     </span>
    </p>
   </div>
   <div class='ocr_carea' id='block_1_3' title="bbox 264 749 1116 901">
    <p class='ocr_par' dir='ltr' id='par_1_3' title="bbox 264 749 1116 901">
     <span class='ocr_line' id='line_1_5' title="bbox 264 749 1116 901; baseline -0.001 -84"><span class='ocrx_word' id='word_1_24' title='bbox 264 752 424 838; x_wconf 84' lang='lat' dir='ltr'><strong>Coepero,</strong></span> <span class='ocrx_word' id='word_1_25' title='bbox 447 751 598 816; x_wconf 90' lang='lat' dir='ltr'><strong>bachanti</strong></span> <span class='ocrx_word' id='word_1_26' title='bbox 619 771 723 901; x_wconf 83' lang='lat' dir='ltr'><strong>nuper</strong></span> <span class='ocrx_word' id='word_1_27' title='bbox 746 771 842 836; x_wconf 88' lang='lat' dir='ltr'><strong>quam</strong></span> <span class='ocrx_word' id='word_1_28' title='bbox 866 749 964 815; x_wconf 90' lang='lat' dir='ltr'><strong>corde</strong></span> <span class='ocrx_word' id='word_1_29' title='bbox 987 753 1116 838; x_wconf 81' lang='lat' dir='ltr'><strong>negari,</strong></span> 
     </span>
    </p>
   </div>
   <div class='ocr_carea' id='block_1_4' title="bbox 262 837 1322 3951">
    <p class='ocr_par' dir='ltr' id='par_1_4' title="bbox 265 837 1017 918">
     <span class='ocr_line' id='line_1_6' title="bbox 265 837 1017 918; baseline 0 -16"><span class='ocrx_word' id='word_1_30' title='bbox 265 838 319 904; x_wconf 88' lang='lat' dir='ltr'><strong>Me</strong></span> <span class='ocrx_word' id='word_1_31' title='bbox 342 859 459 903; x_wconf 80' lang='lat' dir='ltr'><strong>vereor</strong></span> <span class='ocrx_word' id='word_1_32' title='bbox 480 839 584 902; x_wconf 84' lang='lat' dir='ltr'><strong>flemis</strong></span> <span class='ocrx_word' id='word_1_33' title='bbox 607 858 699 902; x_wconf 90' lang='lat' dir='ltr'><strong>caeo</strong></span> <span class='ocrx_word' id='word_1_34' title='bbox 723 837 904 902; x_wconf 79' lang='lat' dir='ltr'><strong>consumier</strong></span> <span class='ocrx_word' id='word_1_35' title='bbox 926 839 1017 918; x_wconf 90' lang='lat' dir='ltr'><strong>actis,</strong></span> 
     </span>
    </p>

    <p class='ocr_par' dir='ltr' id='par_1_5' title="bbox 262 923 1322 1183">
     <span class='ocr_line' id='line_1_7' title="bbox 263 923 1265 1010; baseline -0.001 -21"><span class='ocrx_word' id='word_1_36' title='bbox 263 925 364 990; x_wconf 85' lang='lat' dir='ltr'><strong>Ferre</strong></span> <span class='ocrx_word' id='word_1_37' title='bbox 386 946 496 990; x_wconf 92' lang='lat' dir='ltr'><strong>meum</strong></span> <span class='ocrx_word' id='word_1_38' title='bbox 517 925 639 988; x_wconf 88' lang='lat' dir='ltr'><strong>facinus</strong></span> <span class='ocrx_word' id='word_1_39' title='bbox 663 925 823 1009; x_wconf 90' lang='lat' dir='ltr'><strong>quianon</strong></span> <span class='ocrx_word' id='word_1_40' title='bbox 845 924 966 1008; x_wconf 88' lang='lat' dir='ltr'><strong>patitur</strong></span> <span class='ocrx_word' id='word_1_41' title='bbox 988 943 1090 1010; x_wconf 78' lang='lat' dir='ltr'><strong>grave</strong></span> <span class='ocrx_word' id='word_1_42' title='bbox 1112 923 1265 990; x_wconf 88' lang='lat' dir='ltr'><strong>mundus.</strong></span> 
     </span>
     <span class='ocr_line' id='line_1_8' title="bbox 262 1009 1322 1094; baseline -0.002 -18"><span class='ocrx_word' id='word_1_43' title='bbox 262 1012 419 1076; x_wconf 76' lang='lat' dir='ltr'><strong>Attamen</strong></span> <span class='ocrx_word' id='word_1_44' title='bbox 440 1013 588 1075; x_wconf 89' lang='lat' dir='ltr'><strong>instantis</strong></span> <span class='ocrx_word' id='word_1_45' title='bbox 611 1031 709 1075; x_wconf 89' lang='lat' dir='ltr'><strong>causa</strong></span> <span class='ocrx_word' id='word_1_46' title='bbox 731 1016 869 1094; x_wconf 86' lang='lat' dir='ltr'><strong>cogente</strong></span> <span class='ocrx_word' id='word_1_47' title='bbox 893 1009 1012 1075; x_wconf 89' lang='lat' dir='ltr'><strong>doloris</strong></span> <span class='ocrx_word' id='word_1_48' title='bbox 1298 1009 1322 1074; x_wconf 67' lang='lat' dir='ltr'><strong>{a</strong></span> 
     </span>
     <span class='ocr_line' id='line_1_9' title="bbox 265 1097 1059 1183; baseline -0.003 -21"><span class='ocrx_word' id='word_1_49' title='bbox 265 1098 420 1162; x_wconf 86' lang='lat' dir='ltr'><strong>Eiusdem</strong></span> <span class='ocrx_word' id='word_1_50' title='bbox 444 1099 585 1162; x_wconf 87' lang='lat' dir='ltr'><strong>celerem</strong></span> <span class='ocrx_word' id='word_1_51' title='bbox 608 1097 724 1183; x_wconf 82' lang='lat' dir='ltr'><strong>suplex</strong></span> <span class='ocrx_word' id='word_1_52' title='bbox 748 1116 869 1181; x_wconf 87' lang='lat' dir='ltr'><strong>quaero</strong></span> <span class='ocrx_word' id='word_1_53' title='bbox 892 1097 1059 1182; x_wconf 87' lang='lat' dir='ltr'><strong>pietatem,</strong></span> 
     </span>
    </p>

    <p class='ocr_par' dir='ltr' id='par_1_6' title="bbox 266 1183 1195 1356">
     <span class='ocr_line' id='line_1_10' title="bbox 268 1183 1195 1270; baseline -0.001 -21"><span class='ocrx_word' id='word_1_54' title='bbox 268 1184 340 1258; x_wconf 85' lang='lat' dir='ltr'><strong>Quo</strong></span> <span class='ocrx_word' id='word_1_55' title='bbox 365 1185 506 1250; x_wconf 90' lang='lat' dir='ltr'><strong>clemens</strong></span> <span class='ocrx_word' id='word_1_56' title='bbox 530 1184 669 1247; x_wconf 87' lang='lat' dir='ltr'><strong>animam</strong></span> <span class='ocrx_word' id='word_1_57' title='bbox 691 1183 842 1268; x_wconf 89' lang='lat' dir='ltr'><strong>precibus</strong></span> <span class='ocrx_word' id='word_1_58' title='bbox 865 1183 971 1248; x_wconf 85' lang='lat' dir='ltr'><strong>solvat</strong></span> <span class='ocrx_word' id='word_1_59' title='bbox 992 1184 1195 1270; x_wconf 64' lang='lat' dir='ltr'><strong>perituram?</strong></span> 
     </span>
     <span class='ocr_line' id='line_1_11' title="bbox 266 1268 1120 1356; baseline 0 -20"><span class='ocrx_word' id='word_1_60' title='bbox 266 1270 360 1336; x_wconf 91' lang='lat' dir='ltr'><strong>Haec</strong></span> <span class='ocrx_word' id='word_1_61' title='bbox 382 1292 491 1335; x_wconf 90' lang='lat' dir='ltr'><strong>secum</strong></span> <span class='ocrx_word' id='word_1_62' title='bbox 514 1270 656 1356; x_wconf 78' lang='lat' dir='ltr'><strong>querulis</strong></span> <span class='ocrx_word' id='word_1_63' title='bbox 678 1271 811 1334; x_wconf 91' lang='lat' dir='ltr'><strong>nimium</strong></span> <span class='ocrx_word' id='word_1_64' title='bbox 835 1268 966 1334; x_wconf 86' lang='lat' dir='ltr'><strong>dicebat</strong></span> <span class='ocrx_word' id='word_1_65' title='bbox 987 1272 1120 1343; x_wconf 74' lang='lat' dir='ltr'><strong>amaris:</strong></span> 
     </span>
    </p>

    <p class='ocr_par' dir='ltr' id='par_1_7' title="bbox 265 1355 1019 1441">
     <span class='ocr_line' id='line_1_12' title="bbox 265 1355 1019 1441; baseline 0 -19"><span class='ocrx_word' id='word_1_66' title='bbox 265 1358 318 1438; x_wconf 87' lang='lat' dir='ltr'><strong>Et,</strong></span> <span class='ocrx_word' id='word_1_67' title='bbox 341 1358 440 1421; x_wconf 90' lang='lat' dir='ltr'><strong>saecli</strong></span> <span class='ocrx_word' id='word_1_68' title='bbox 463 1358 546 1421; x_wconf 89' lang='lat' dir='ltr'><strong>curis</strong></span> <span class='ocrx_word' id='word_1_69' title='bbox 569 1358 662 1421; x_wconf 86' lang='lat' dir='ltr'><strong>citius</strong></span> <span class='ocrx_word' id='word_1_70' title='bbox 686 1355 726 1420; x_wconf 90' lang='lat' dir='ltr'><strong>de</strong></span> <span class='ocrx_word' id='word_1_71' title='bbox 750 1355 847 1421; x_wconf 89' lang='lat' dir='ltr'><strong>corde</strong></span> <span class='ocrx_word' id='word_1_72' title='bbox 871 1357 1019 1441; x_wconf 78' lang='lat' dir='ltr'><strong>repulsis,</strong></span> 
     </span>
    </p>

    <p class='ocr_par' dir='ltr' id='par_1_8' title="bbox 265 1442 1217 1616">
     <span class='ocr_line' id='line_1_13' title="bbox 265 1442 1217 1529; baseline -0.001 -21"><span class='ocrx_word' id='word_1_73' title='bbox 265 1444 399 1529; x_wconf 80' lang='lat' dir='ltr'><strong>inpiger</strong></span> <span class='ocrx_word' id='word_1_74' title='bbox 420 1442 462 1507; x_wconf 95' lang='lat' dir='ltr'><strong>ad</strong></span> <span class='ocrx_word' id='word_1_75' title='bbox 484 1444 641 1529; x_wconf 88' lang='lat' dir='ltr'><strong>templum</strong></span> <span class='ocrx_word' id='word_1_76' title='bbox 665 1449 819 1529; x_wconf 90' lang='lat' dir='ltr'><strong>properat</strong></span> <span class='ocrx_word' id='word_1_77' title='bbox 841 1442 901 1506; x_wconf 89' lang='lat' dir='ltr'><strong>sub</strong></span> <span class='ocrx_word' id='word_1_78' title='bbox 923 1442 1047 1508; x_wconf 89' lang='lat' dir='ltr'><strong>honora</strong></span> <span class='ocrx_word' id='word_1_79' title='bbox 1071 1442 1217 1510; x_wconf 85' lang='lat' dir='ltr'><strong>dicatum</strong></span> 
     </span>
     <span class='ocr_line' id='line_1_14' title="bbox 267 1528 1088 1616; baseline 0 -22"><span class='ocrx_word' id='word_1_80' title='bbox 267 1530 408 1616; x_wconf 81' lang='lat' dir='ltr'><strong>Virginis</strong></span> <span class='ocrx_word' id='word_1_81' title='bbox 430 1530 571 1593; x_wconf 88' lang='lat' dir='ltr'><strong>intactae</strong></span> <span class='ocrx_word' id='word_1_82' title='bbox 593 1531 768 1615; x_wconf 90' lang='lat' dir='ltr'><strong>matrisque</strong></span> <span class='ocrx_word' id='word_1_83' title='bbox 793 1528 846 1593; x_wconf 92' lang='lat' dir='ltr'><strong>dei</strong></span> <span class='ocrx_word' id='word_1_84' title='bbox 868 1529 1088 1611; x_wconf 80' lang='lat' dir='ltr'><strong>venerandae,</strong></span> 
     </span>
    </p>

    <p class='ocr_par' dir='ltr' id='par_1_9' title="bbox 266 1615 1089 1701">
     <span class='ocr_line' id='line_1_15' title="bbox 266 1615 1089 1701; baseline -0.001 -19"><span class='ocrx_word' id='word_1_85' title='bbox 266 1615 377 1682; x_wconf 91' lang='lat' dir='ltr'><strong>Octies</strong></span> <span class='ocrx_word' id='word_1_86' title='bbox 400 1623 434 1680; x_wconf 90' lang='lat' dir='ltr'><strong>at</strong></span> <span class='ocrx_word' id='word_1_87' title='bbox 456 1616 595 1701; x_wconf 91' lang='lat' dir='ltr'><strong>spatium</strong></span> <span class='ocrx_word' id='word_1_88' title='bbox 617 1617 775 1701; x_wconf 81' lang='lat' dir='ltr'><strong>transegit</strong></span> <span class='ocrx_word' id='word_1_89' title='bbox 799 1616 940 1701; x_wconf 92' lang='lat' dir='ltr'><strong>quinque</strong></span> <span class='ocrx_word' id='word_1_90' title='bbox 963 1617 1089 1681; x_wconf 91' lang='lat' dir='ltr'><strong>dierum</strong></span> 
     </span>
    </p>

    <p class='ocr_par' dir='ltr' id='par_1_10' title="bbox 266 1701 992 1788">
     <span class='ocr_line' id='line_1_16' title="bbox 266 1701 992 1788; baseline -0.004 -19"><span class='ocrx_word' id='word_1_91' title='bbox 266 1703 347 1783; x_wconf 90' lang='lat' dir='ltr'><strong>Illic,</strong></span> <span class='ocrx_word' id='word_1_92' title='bbox 370 1704 506 1768; x_wconf 87' lang='lat' dir='ltr'><strong>contrito</strong></span> <span class='ocrx_word' id='word_1_93' title='bbox 530 1701 652 1767; x_wconf 91' lang='lat' dir='ltr'><strong>deflens</strong></span> <span class='ocrx_word' id='word_1_94' title='bbox 674 1723 733 1766; x_wconf 92' lang='lat' dir='ltr'><strong>sua</strong></span> <span class='ocrx_word' id='word_1_95' title='bbox 756 1701 853 1767; x_wconf 91' lang='lat' dir='ltr'><strong>corde</strong></span> <span class='ocrx_word' id='word_1_96' title='bbox 876 1703 992 1788; x_wconf 94' lang='lat' dir='ltr'><strong>piacla,</strong></span> 
     </span>
    </p>

    <p class='ocr_par' dir='ltr' id='par_1_11' title="bbox 266 1788 1104 1875">
     <span class='ocr_line' id='line_1_17' title="bbox 266 1788 1104 1875; baseline -0.002 -21"><span class='ocrx_word' id='word_1_97' title='bbox 266 1789 420 1874; x_wconf 79' lang='lat' dir='ltr'><strong>Denegat</strong></span> <span class='ocrx_word' id='word_1_98' title='bbox 442 1796 539 1875; x_wconf 88' lang='lat' dir='ltr'><strong>atque</strong></span> <span class='ocrx_word' id='word_1_99' title='bbox 563 1788 634 1870; x_wconf 90' lang='lat' dir='ltr'><strong>sibi,</strong></span> <span class='ocrx_word' id='word_1_100' title='bbox 657 1789 796 1853; x_wconf 77' lang='lat' dir='ltr'><strong>lacrimis</strong></span> <span class='ocrx_word' id='word_1_101' title='bbox 818 1789 952 1853; x_wconf 85' lang='lat' dir='ltr'><strong>satiatus</strong></span> <span class='ocrx_word' id='word_1_102' title='bbox 974 1789 1104 1869; x_wconf 89' lang='lat' dir='ltr'><strong>amaris,</strong></span> 
     </span>
    </p>

    <p class='ocr_par' dir='ltr' id='par_1_12' title="bbox 267 1875 1004 1957">
     <span class='ocr_line' id='line_1_18' title="bbox 267 1875 1004 1957; baseline -0.001 -17"><span class='ocrx_word' id='word_1_103' title='bbox 267 1876 385 1940; x_wconf 90' lang='lat' dir='ltr'><strong>Omnia</strong></span> <span class='ocrx_word' id='word_1_104' title='bbox 407 1877 565 1940; x_wconf 87' lang='lat' dir='ltr'><strong>cultorum</strong></span> <span class='ocrx_word' id='word_1_105' title='bbox 589 1875 826 1941; x_wconf 89' lang='lat' dir='ltr'><strong>delectamenta</strong></span> <span class='ocrx_word' id='word_1_106' title='bbox 849 1875 1004 1957; x_wconf 93' lang='lat' dir='ltr'><strong>ciborum,</strong></span> 
     </span>
    </p>

    <p class='ocr_par' dir='ltr' id='par_1_13' title="bbox 267 1962 1126 2134">
     <span class='ocr_line' id='line_1_19' title="bbox 268 1962 1126 2047; baseline -0.001 -21"><span class='ocrx_word' id='word_1_107' title='bbox 268 1962 399 2028; x_wconf 84' lang='lat' dir='ltr'><strong>Scilicet</strong></span> <span class='ocrx_word' id='word_1_108' title='bbox 422 1969 456 2026; x_wconf 90' lang='lat' dir='ltr'><strong>et</strong></span> <span class='ocrx_word' id='word_1_109' title='bbox 477 1963 623 2047; x_wconf 89' lang='lat' dir='ltr'><strong>requiem</strong></span> <span class='ocrx_word' id='word_1_110' title='bbox 646 1964 749 2026; x_wconf 90' lang='lat' dir='ltr'><strong>somni</strong></span> <span class='ocrx_word' id='word_1_111' title='bbox 773 1963 962 2046; x_wconf 88' lang='lat' dir='ltr'><strong>saepissime</strong></span> <span class='ocrx_word' id='word_1_112' title='bbox 986 1962 1126 2042; x_wconf 89' lang='lat' dir='ltr'><strong>dulcem,</strong></span> 
     </span>
     <span class='ocr_line' id='line_1_20' title="bbox 267 2048 1045 2134; baseline 0.001 -21"><span class='ocrx_word' id='word_1_113' title='bbox 267 2048 412 2134; x_wconf 79' lang='lat' dir='ltr'><strong>Pervigil</strong></span> <span class='ocrx_word' id='word_1_114' title='bbox 434 2050 467 2112; x_wconf 92' lang='lat' dir='ltr'><strong>in</strong></span> <span class='ocrx_word' id='word_1_115' title='bbox 490 2049 589 2113; x_wconf 90' lang='lat' dir='ltr'><strong>sacris</strong></span> <span class='ocrx_word' id='word_1_116' title='bbox 612 2069 737 2113; x_wconf 89' lang='lat' dir='ltr'><strong>summo</strong></span> <span class='ocrx_word' id='word_1_117' title='bbox 761 2049 928 2113; x_wconf 87' lang='lat' dir='ltr'><strong>conamine</strong></span> <span class='ocrx_word' id='word_1_118' title='bbox 951 2050 1045 2114; x_wconf 86' lang='lat' dir='ltr'><strong>votis.</strong></span> 
     </span>
    </p>

    <p class='ocr_par' dir='ltr' id='par_1_14' title="bbox 267 2134 985 2221">
     <span class='ocr_line' id='line_1_21' title="bbox 267 2134 985 2221; baseline 0.001 -22"><span class='ocrx_word' id='word_1_119' title='bbox 267 2135 339 2199; x_wconf 76' lang='lat' dir='ltr'><strong>&#39;l&#39;ali</strong></span> <span class='ocrx_word' id='word_1_120' title='bbox 361 2141 509 2221; x_wconf 89' lang='lat' dir='ltr'><strong>percerte</strong></span> <span class='ocrx_word' id='word_1_121' title='bbox 532 2156 648 2220; x_wconf 89' lang='lat' dir='ltr'><strong>corpus</strong></span> <span class='ocrx_word' id='word_1_122' title='bbox 670 2134 850 2220; x_wconf 82' lang='lat' dir='ltr'><strong>frangendo</strong></span> <span class='ocrx_word' id='word_1_123' title='bbox 873 2135 985 2200; x_wconf 89' lang='lat' dir='ltr'><strong>labore</strong></span> 
     </span>
    </p>

    <p class='ocr_par' dir='ltr' id='par_1_15' title="bbox 267 2220 1066 2287">
     <span class='ocr_line' id='line_1_22' title="bbox 267 2220 1066 2287; baseline -0.001 -2"><span class='ocrx_word' id='word_1_124' title='bbox 267 2222 334 2285; x_wconf 92' lang='lat' dir='ltr'><strong>Pur</strong></span> <span class='ocrx_word' id='word_1_125' title='bbox 358 2223 423 2285; x_wconf 85' lang='lat' dir='ltr'><strong>crit</strong></span> <span class='ocrx_word' id='word_1_126' title='bbox 446 2222 585 2286; x_wconf 89' lang='lat' dir='ltr'><strong>lacrimis</strong></span> <span class='ocrx_word' id='word_1_127' title='bbox 608 2223 735 2286; x_wconf 88' lang='lat' dir='ltr'><strong>animae</strong></span> <span class='ocrx_word' id='word_1_128' title='bbox 758 2220 901 2287; x_wconf 89' lang='lat' dir='ltr'><strong>maculas</strong></span> <span class='ocrx_word' id='word_1_129' title='bbox 923 2222 1066 2286; x_wconf 83' lang='lat' dir='ltr'><strong>vitiatae.</strong></span> 
     </span>
    </p>

    <p class='ocr_par' dir='ltr' id='par_1_16' title="bbox 266 2308 1203 2913">
     <span class='ocr_line' id='line_1_23' title="bbox 345 2308 1203 2392; baseline 0.002 -20"><span class='ocrx_word' id='word_1_130' title='bbox 345 2309 352 2322; x_wconf 85' lang='grc'><em>’</em></span> <span class='ocrx_word' id='word_1_131' title='bbox 394 2308 478 2372; x_wconf 92' lang='lat' dir='ltr'><strong>bene</strong></span> <span class='ocrx_word' id='word_1_132' title='bbox 501 2308 656 2392; x_wconf 85' lang='lat' dir='ltr'><strong>perfectis</strong></span> <span class='ocrx_word' id='word_1_133' title='bbox 677 2308 811 2372; x_wconf 89' lang='lat' dir='ltr'><strong>nimium</strong></span> <span class='ocrx_word' id='word_1_134' title='bbox 835 2329 907 2373; x_wconf 90' lang='lat' dir='ltr'><strong>cum</strong></span> <span class='ocrx_word' id='word_1_135' title='bbox 929 2308 1033 2372; x_wconf 89' lang='lat' dir='ltr'><strong>lassus</strong></span> <span class='ocrx_word' id='word_1_136' title='bbox 1055 2309 1089 2371; x_wconf 94' lang='lat' dir='ltr'><strong>in</strong></span> <span class='ocrx_word' id='word_1_137' title='bbox 1111 2308 1203 2374; x_wconf 88' lang='lat' dir='ltr'><strong>horis</strong></span> 
     </span>
     <span class='ocr_line' id='line_1_24' title="bbox 267 2393 1092 2480; baseline -0.001 -21"><span class='ocrx_word' id='word_1_138' title='bbox 267 2395 439 2459; x_wconf 85' lang='lat' dir='ltr'><strong>Nocturnis</strong></span> <span class='ocrx_word' id='word_1_139' title='bbox 460 2395 549 2458; x_wconf 92' lang='lat' dir='ltr'><strong>molli</strong></span> <span class='ocrx_word' id='word_1_140' title='bbox 573 2393 709 2459; x_wconf 89' lang='lat' dir='ltr'><strong>dederat</strong></span> <span class='ocrx_word' id='word_1_141' title='bbox 731 2415 789 2458; x_wconf 89' lang='lat' dir='ltr'><strong>sua</strong></span> <span class='ocrx_word' id='word_1_142' title='bbox 810 2394 958 2459; x_wconf 92' lang='lat' dir='ltr'><strong>membra</strong></span> <span class='ocrx_word' id='word_1_143' title='bbox 980 2395 1092 2480; x_wconf 83' lang='lat' dir='ltr'><strong>quieti,</strong></span> 
     </span>
     <span class='ocr_line' id='line_1_25' title="bbox 266 2481 953 2565; baseline -0.003 -19"><span class='ocrx_word' id='word_1_144' title='bbox 266 2481 379 2546; x_wconf 79' lang='lat' dir='ltr'><strong>Astitit</strong></span> <span class='ocrx_word' id='word_1_145' title='bbox 401 2483 433 2545; x_wconf 92' lang='lat' dir='ltr'><strong>in</strong></span> <span class='ocrx_word' id='word_1_146' title='bbox 456 2482 575 2544; x_wconf 89' lang='lat' dir='ltr'><strong>somnis</strong></span> <span class='ocrx_word' id='word_1_147' title='bbox 597 2481 643 2545; x_wconf 95' lang='lat' dir='ltr'><strong>illi</strong></span> <span class='ocrx_word' id='word_1_148' title='bbox 666 2482 845 2545; x_wconf 89' lang='lat' dir='ltr'><strong>castissima</strong></span> <span class='ocrx_word' id='word_1_149' title='bbox 866 2481 953 2565; x_wconf 87' lang='lat' dir='ltr'><strong>regis</strong></span> 
     </span>
     <span class='ocr_line' id='line_1_26' title="bbox 267 2566 1077 2652; baseline 0 -21"><span class='ocrx_word' id='word_1_150' title='bbox 267 2568 403 2632; x_wconf 84' lang='lat' dir='ltr'><strong>Aeterni</strong></span> <span class='ocrx_word' id='word_1_151' title='bbox 424 2568 574 2652; x_wconf 83' lang='lat' dir='ltr'><strong>genitrix,</strong></span> <span class='ocrx_word' id='word_1_152' title='bbox 599 2567 715 2632; x_wconf 89' lang='lat' dir='ltr'><strong>eadem</strong></span> <span class='ocrx_word' id='word_1_153' title='bbox 738 2566 848 2631; x_wconf 91' lang='lat' dir='ltr'><strong>mundi</strong></span> <span class='ocrx_word' id='word_1_154' title='bbox 870 2566 1077 2649; x_wconf 87' lang='lat' dir='ltr'><strong>dominatrix,</strong></span> 
     </span>
     <span class='ocr_line' id='line_1_27' title="bbox 269 2653 1078 2740; baseline -0.002 -21"><span class='ocrx_word' id='word_1_155' title='bbox 269 2653 398 2719; x_wconf 81' lang='lat' dir='ltr'><strong>Scilicet</strong></span> <span class='ocrx_word' id='word_1_156' title='bbox 420 2655 575 2719; x_wconf 83' lang='lat' dir='ltr'><strong>auxilium</strong></span> <span class='ocrx_word' id='word_1_157' title='bbox 598 2675 673 2739; x_wconf 89' lang='lat' dir='ltr'><strong>spes</strong></span> <span class='ocrx_word' id='word_1_158' title='bbox 697 2655 905 2740; x_wconf 90' lang='lat' dir='ltr'><strong>solamenque</strong></span> <span class='ocrx_word' id='word_1_159' title='bbox 929 2659 1078 2739; x_wconf 87' lang='lat' dir='ltr'><strong>paratum</strong></span> 
     </span>
     <span class='ocr_line' id='line_1_28' title="bbox 266 2740 1062 2826; baseline -0.001 -22"><span class='ocrx_word' id='word_1_160' title='bbox 266 2740 344 2805; x_wconf 82' lang='lat' dir='ltr'><strong>Eius</strong></span> <span class='ocrx_word' id='word_1_161' title='bbox 367 2740 563 2826; x_wconf 89' lang='lat' dir='ltr'><strong>praesidium</strong></span> <span class='ocrx_word' id='word_1_162' title='bbox 587 2740 705 2805; x_wconf 81' lang='lat' dir='ltr'><strong>devota</strong></span> <span class='ocrx_word' id='word_1_163' title='bbox 728 2748 837 2805; x_wconf 89' lang='lat' dir='ltr'><strong>ments</strong></span> <span class='ocrx_word' id='word_1_164' title='bbox 860 2746 1062 2826; x_wconf 87' lang='lat' dir='ltr'><strong>precantum,</strong></span> 
     </span>
     <span class='ocr_line' id='line_1_29' title="bbox 267 2826 1061 2913; baseline -0.004 -21"><span class='ocrx_word' id='word_1_165' title='bbox 267 2828 400 2892; x_wconf 85' lang='lat' dir='ltr'><strong>Talibus</strong></span> <span class='ocrx_word' id='word_1_166' title='bbox 424 2835 457 2891; x_wconf 92' lang='lat' dir='ltr'><strong>et</strong></span> <span class='ocrx_word' id='word_1_167' title='bbox 479 2828 586 2892; x_wconf 85' lang='lat' dir='ltr'><strong>verbis</strong></span> <span class='ocrx_word' id='word_1_168' title='bbox 609 2828 754 2892; x_wconf 87' lang='lat' dir='ltr'><strong>terrebat</strong></span> <span class='ocrx_word' id='word_1_169' title='bbox 776 2826 874 2891; x_wconf 90' lang='lat' dir='ltr'><strong>corda</strong></span> <span class='ocrx_word' id='word_1_170' title='bbox 896 2827 1061 2913; x_wconf 84' lang='lat' dir='ltr'><strong>paventis:</strong></span> 
     </span>
    </p>

    <p class='ocr_par' dir='ltr' id='par_1_17' title="bbox 265 2913 1322 3425">
     <span class='ocr_line' id='line_1_30' title="bbox 308 2913 1118 2999; baseline 0.001 -22"><span class='ocrx_word' id='word_1_171' title='bbox 308 2913 349 2978; x_wconf 86' lang='lat' dir='ltr'><strong>‘O</strong></span> <span class='ocrx_word' id='word_1_172' title='bbox 372 2915 429 2994; x_wconf 81' lang='lat' dir='ltr'><strong>vir,</strong></span> <span class='ocrx_word' id='word_1_173' title='bbox 455 2935 511 2977; x_wconf 89' lang='lat' dir='ltr'><strong>cur</strong></span> <span class='ocrx_word' id='word_1_174' title='bbox 532 2915 633 2978; x_wconf 88' lang='lat' dir='ltr'><strong>nostri</strong></span> <span class='ocrx_word' id='word_1_175' title='bbox 655 2915 771 2999; x_wconf 82' lang='lat' dir='ltr'><strong>vigilas</strong></span> <span class='ocrx_word' id='word_1_176' title='bbox 794 2913 835 2977; x_wconf 88' lang='lat' dir='ltr'><strong>ad</strong></span> <span class='ocrx_word' id='word_1_177' title='bbox 858 2915 969 2978; x_wconf 89' lang='lat' dir='ltr'><strong>limina</strong></span> <span class='ocrx_word' id='word_1_178' title='bbox 991 2913 1118 2998; x_wconf 89' lang='lat' dir='ltr'><strong>templi,</strong></span> 
     </span>
     <span class='ocr_line' id='line_1_31' title="bbox 266 2999 1083 3086; baseline 0 -23"><span class='ocrx_word' id='word_1_179' title='bbox 266 2999 330 3064; x_wconf 87' lang='lat' dir='ltr'><strong>Vel</strong></span> <span class='ocrx_word' id='word_1_180' title='bbox 354 3021 410 3064; x_wconf 90' lang='lat' dir='ltr'><strong>cur</strong></span> <span class='ocrx_word' id='word_1_181' title='bbox 431 3020 527 3086; x_wconf 92' lang='lat' dir='ltr'><strong>posse</strong></span> <span class='ocrx_word' id='word_1_182' title='bbox 550 3002 614 3064; x_wconf 89' lang='lat' dir='ltr'><strong>mei</strong></span> <span class='ocrx_word' id='word_1_183' title='bbox 637 3001 777 3065; x_wconf 88' lang='lat' dir='ltr'><strong>celerem</strong></span> <span class='ocrx_word' id='word_1_184' title='bbox 800 3007 903 3065; x_wconf 90' lang='lat' dir='ltr'><strong>temet</strong></span> <span class='ocrx_word' id='word_1_185' title='bbox 925 3001 1083 3085; x_wconf 84' lang='lat' dir='ltr'><strong>pietatem</strong></span> 
     </span>
     <span class='ocr_line' id='line_1_32' title="bbox 265 3086 1322 3173; baseline 0.003 -22"><span class='ocrx_word' id='word_1_186' title='bbox 265 3086 450 3152; x_wconf 90' lang='lat' dir='ltr'><strong>Praesumis</strong></span> <span class='ocrx_word' id='word_1_187' title='bbox 473 3108 615 3173; x_wconf 87' lang='lat' dir='ltr'><strong>sperare,</strong></span> <span class='ocrx_word' id='word_1_188' title='bbox 639 3108 747 3150; x_wconf 90' lang='lat' dir='ltr'><strong>meum</strong></span> <span class='ocrx_word' id='word_1_189' title='bbox 771 3089 825 3171; x_wconf 90' lang='lat' dir='ltr'><strong>qui</strong></span> <span class='ocrx_word' id='word_1_190' title='bbox 849 3086 988 3172; x_wconf 90' lang='lat' dir='ltr'><strong>denique</strong></span> <span class='ocrx_word' id='word_1_191' title='bbox 1011 3093 1123 3150; x_wconf 89' lang='lat' dir='ltr'><strong>natum</strong></span> <span class='ocrx_word' id='word_1_192' title='bbox 1294 3089 1322 3154; x_wconf 78' lang='grc' dir='ltr'><strong>Ι·</strong></span> 
     </span>
     <span class='ocr_line' id='line_1_33' title="bbox 267 3172 1089 3259; baseline -0.001 -22"><span class='ocrx_word' id='word_1_193' title='bbox 267 3172 321 3237; x_wconf 86' lang='lat' dir='ltr'><strong>Ma</strong></span> <span class='ocrx_word' id='word_1_194' title='bbox 342 3182 544 3259; x_wconf 88' lang='lat' dir='ltr'><strong>matremque</strong></span> <span class='ocrx_word' id='word_1_195' title='bbox 567 3175 616 3237; x_wconf 95' lang='lat' dir='ltr'><strong>sui</strong></span> <span class='ocrx_word' id='word_1_196' title='bbox 638 3194 793 3258; x_wconf 84' lang='lat' dir='ltr'><strong>perverso</strong></span> <span class='ocrx_word' id='word_1_197' title='bbox 817 3172 913 3238; x_wconf 90' lang='lat' dir='ltr'><strong>corde</strong></span> <span class='ocrx_word' id='word_1_198' title='bbox 936 3172 1089 3258; x_wconf 83' lang='lat' dir='ltr'><strong>negasti?</strong></span> 
     </span>
     <span class='ocr_line' id='line_1_34' title="bbox 269 3257 1176 3361; baseline -0.001 -38"><span class='ocrx_word' id='word_1_199' title='bbox 269 3258 340 3334; x_wconf 83' lang='lat' dir='ltr'><strong>Dic,</strong></span> <span class='ocrx_word' id='word_1_200' title='bbox 364 3281 454 3345; x_wconf 90' lang='lat' dir='ltr'><strong>rogo,</strong></span> <span class='ocrx_word' id='word_1_201' title='bbox 479 3261 549 3345; x_wconf 94' lang='lat' dir='ltr'><strong>quis</strong></span> <span class='ocrx_word' id='word_1_202' title='bbox 573 3262 672 3325; x_wconf 91' lang='lat' dir='ltr'><strong>oculis</strong></span> <span class='ocrx_word' id='word_1_203' title='bbox 694 3261 815 3361; x_wconf 90' lang='lat' dir='ltr'><strong>possim</strong></span> <span class='ocrx_word' id='word_1_204' title='bbox 838 3260 898 3324; x_wconf 88' lang='lat' dir='ltr'><strong>mis</strong></span> <span class='ocrx_word' id='word_1_205' title='bbox 921 3279 1056 3324; x_wconf 88' lang='lat' dir='ltr'><strong>cernere</strong></span> <span class='ocrx_word' id='word_1_206' title='bbox 1079 3257 1176 3344; x_wconf 89' lang='lat' dir='ltr'><strong>prolis</strong></span> 
     </span>
     <span class='ocr_line' id='line_1_35' title="bbox 267 3345 1003 3425; baseline 0.001 -16"><span class='ocrx_word' id='word_1_207' title='bbox 267 3345 405 3411; x_wconf 79' lang='lat' dir='ltr'><strong>Divinae</strong></span> <span class='ocrx_word' id='word_1_208' title='bbox 428 3347 551 3411; x_wconf 80' lang='lat' dir='ltr'><strong>vultum</strong></span> <span class='ocrx_word' id='word_1_209' title='bbox 576 3349 708 3412; x_wconf 79' lang='lat' dir='ltr'><strong>caelesti</strong></span> <span class='ocrx_word' id='word_1_210' title='bbox 731 3348 802 3411; x_wconf 90' lang='lat' dir='ltr'><strong>luca</strong></span> <span class='ocrx_word' id='word_1_211' title='bbox 826 3367 1003 3425; x_wconf 87' lang='lat' dir='ltr'><strong>coruscum,</strong></span> 
     </span>
    </p>

    <p class='ocr_par' dir='ltr' id='par_1_18' title="bbox 267 3430 1107 3605">
     <span class='ocr_line' id='line_1_36' title="bbox 269 3430 1107 3519; baseline 0 -23"><span class='ocrx_word' id='word_1_212' title='bbox 269 3431 382 3504; x_wconf 82' lang='lat' dir='ltr'><strong>Quove</strong></span> <span class='ocrx_word' id='word_1_213' title='bbox 406 3433 502 3496; x_wconf 91' lang='lat' dir='ltr'><strong>modo</strong></span> <span class='ocrx_word' id='word_1_214' title='bbox 526 3434 605 3497; x_wconf 91' lang='lat' dir='ltr'><strong>solio</strong></span> <span class='ocrx_word' id='word_1_215' title='bbox 629 3454 784 3519; x_wconf 89' lang='lat' dir='ltr'><strong>praesens</strong></span> <span class='ocrx_word' id='word_1_216' title='bbox 806 3441 914 3497; x_wconf 88' lang='lat' dir='ltr'><strong>astare</strong></span> <span class='ocrx_word' id='word_1_217' title='bbox 937 3430 1107 3497; x_wconf 90' lang='lat' dir='ltr'><strong>tremendo</strong></span> 
     </span>
     <span class='ocr_line' id='line_1_37' title="bbox 267 3517 1066 3605; baseline -0.001 -24"><span class='ocrx_word' id='word_1_218' title='bbox 267 3517 346 3582; x_wconf 86' lang='lat' dir='ltr'><strong>Eius</strong></span> <span class='ocrx_word' id='word_1_219' title='bbox 368 3540 550 3605; x_wconf 89' lang='lat' dir='ltr'><strong>praesumo,</strong></span> <span class='ocrx_word' id='word_1_220' title='bbox 574 3521 702 3585; x_wconf 91' lang='lat' dir='ltr'><strong>tibimet</strong></span> <span class='ocrx_word' id='word_1_221' title='bbox 724 3521 850 3584; x_wconf 83' lang='lat' dir='ltr'><strong>veniam</strong></span> <span class='ocrx_word' id='word_1_222' title='bbox 873 3518 1066 3604; x_wconf 78' lang='lat' dir='ltr'><strong>rogitando?</strong></span> 
     </span>
    </p>

    <p class='ocr_par' dir='ltr' id='par_1_19' title="bbox 267 3605 1056 3778">
     <span class='ocr_line' id='line_1_38' title="bbox 270 3605 1056 3692; baseline 0.001 -24"><span class='ocrx_word' id='word_1_223' title='bbox 270 3605 333 3669; x_wconf 79' lang='lat' dir='ltr'><strong>Ast</strong></span> <span class='ocrx_word' id='word_1_224' title='bbox 355 3626 466 3669; x_wconf 93' lang='lat' dir='ltr'><strong>omnes</strong></span> <span class='ocrx_word' id='word_1_225' title='bbox 489 3608 600 3692; x_wconf 89' lang='lat' dir='ltr'><strong>culpas</strong></span> <span class='ocrx_word' id='word_1_226' title='bbox 621 3609 653 3670; x_wconf 92' lang='lat' dir='ltr'><strong>in</strong></span> <span class='ocrx_word' id='word_1_227' title='bbox 676 3628 729 3672; x_wconf 88' lang='lat' dir='ltr'><strong>me</strong></span> <span class='ocrx_word' id='word_1_228' title='bbox 753 3607 889 3670; x_wconf 88' lang='lat' dir='ltr'><strong>fortasse</strong></span> <span class='ocrx_word' id='word_1_229' title='bbox 911 3612 1056 3692; x_wconf 88' lang='lat' dir='ltr'><strong>patratas</strong></span> 
     </span>
     <span class='ocr_line' id='line_1_39' title="bbox 267 3692 1025 3778; baseline 0.001 -23"><span class='ocrx_word' id='word_1_230' title='bbox 267 3692 398 3756; x_wconf 84' lang='lat' dir='ltr'><strong>Affectu</strong></span> <span class='ocrx_word' id='word_1_231' title='bbox 421 3694 536 3756; x_wconf 90' lang='lat' dir='ltr'><strong>mentis</strong></span> <span class='ocrx_word' id='word_1_232' title='bbox 560 3693 617 3757; x_wconf 90' lang='lat' dir='ltr'><strong>tibi</strong></span> <span class='ocrx_word' id='word_1_233' title='bbox 640 3715 717 3757; x_wconf 83' lang='lat' dir='ltr'><strong>mox</strong></span> <span class='ocrx_word' id='word_1_234' title='bbox 738 3693 891 3776; x_wconf 91' lang='lat' dir='ltr'><strong>indulgeo</strong></span> <span class='ocrx_word' id='word_1_235' title='bbox 915 3694 1025 3778; x_wconf 89' lang='lat' dir='ltr'><strong>gratis,</strong></span> 
     </span>
    </p>

    <p class='ocr_par' dir='ltr' id='par_1_20' title="bbox 268 3777 1156 3951">
     <span class='ocr_line' id='line_1_40' title="bbox 269 3777 1156 3865; baseline -0.003 -24"><span class='ocrx_word' id='word_1_236' title='bbox 269 3777 373 3842; x_wconf 90' lang='lat' dir='ltr'><strong>Omne</strong></span> <span class='ocrx_word' id='word_1_237' title='bbox 396 3799 499 3863; x_wconf 91' lang='lat' dir='ltr'><strong>genus</strong></span> <span class='ocrx_word' id='word_1_238' title='bbox 520 3780 651 3843; x_wconf 93' lang='lat' dir='ltr'><strong>nimium</strong></span> <span class='ocrx_word' id='word_1_239' title='bbox 675 3780 750 3865; x_wconf 91' lang='lat' dir='ltr'><strong>quia</strong></span> <span class='ocrx_word' id='word_1_240' title='bbox 772 3780 870 3864; x_wconf 91' lang='lat' dir='ltr'><strong>diligo</strong></span> <span class='ocrx_word' id='word_1_241' title='bbox 893 3779 1156 3844; x_wconf 84' lang='lat' dir='ltr'><strong>christicolarum.</strong></span> 
     </span>
     <span class='ocr_line' id='line_1_41' title="bbox 268 3865 1034 3951; baseline 0.001 -23"><span class='ocrx_word' id='word_1_242' title='bbox 268 3865 348 3929; x_wconf 90' lang='lat' dir='ltr'><strong>lllos</strong></span> <span class='ocrx_word' id='word_1_243' title='bbox 371 3867 544 3951; x_wconf 90' lang='lat' dir='ltr'><strong>praecipue</strong></span> <span class='ocrx_word' id='word_1_244' title='bbox 568 3875 680 3930; x_wconf 89' lang='lat' dir='ltr'><strong>tenero</strong></span> <span class='ocrx_word' id='word_1_245' title='bbox 704 3865 761 3930; x_wconf 90' lang='lat' dir='ltr'><strong>sed</strong></span> <span class='ocrx_word' id='word_1_246' title='bbox 785 3867 900 3931; x_wconf 90' lang='lat' dir='ltr'><strong>mentis</strong></span> <span class='ocrx_word' id='word_1_247' title='bbox 924 3886 1034 3930; x_wconf 90' lang='lat' dir='ltr'><strong>amore</strong></span> 
     </span>
    </p>
   </div>
   <div class='ocr_carea' id='block_1_5' title="bbox 162 4068 1299 4208">
    <p class='ocr_par' dir='ltr' id='par_1_21' title="bbox 162 4068 1299 4208">
     <span class='ocr_line' id='line_1_42' title="bbox 247 4068 1299 4139; baseline 0.001 -17"><span class='ocrx_word' id='word_1_248' title='bbox 247 4070 296 4123; x_wconf 78' lang='grc'><strong>184</strong></span> <span class='ocrx_word' id='word_1_249' title='bbox 315 4069 362 4138; x_wconf 88' lang='lat' dir='ltr'><strong>est]</strong></span> <span class='ocrx_word' id='word_1_250' title='bbox 382 4073 423 4126; x_wconf 79' lang='lat'><strong>—1-</strong></span> <span class='ocrx_word' id='word_1_251' title='bbox 441 4073 481 4123; x_wconf 71' lang='lat' dir='ltr'><strong>laia</strong></span> <span class='ocrx_word' id='word_1_252' title='bbox 494 4074 609 4139; x_wconf 79' lang='lat' dir='ltr'><strong>primum</strong></span> <span class='ocrx_word' id='word_1_253' title='bbox 629 4073 661 4122; x_wconf 82' lang='grc' dir='ltr'><em>Μ</em></span> <span class='ocrx_word' id='word_1_254' title='bbox 677 4072 727 4133; x_wconf 86' lang='lat' dir='ltr'><strong>(est</strong></span> <span class='ocrx_word' id='word_1_255' title='bbox 745 4091 794 4124; x_wconf 87' lang='lat' dir='ltr'><strong>om.</strong></span> <span class='ocrx_word' id='word_1_256' title='bbox 809 4073 851 4137; x_wconf 73' lang='lat'><strong>12¹,</strong></span> <span class='ocrx_word' id='word_1_257' title='bbox 868 4091 900 4124; x_wconf 82' lang='lat' dir='ltr'><strong>ss.</strong></span> <span class='ocrx_word' id='word_1_258' title='bbox 915 4072 962 4137; x_wconf 76' lang='lat'><strong>1²¹)</strong></span> <span class='ocrx_word' id='word_1_259' title='bbox 1043 4070 1095 4124; x_wconf 83' lang='lat'><strong>189</strong></span> <span class='ocrx_word' id='word_1_260' title='bbox 1112 4068 1197 4123; x_wconf 79' lang='lat' dir='ltr'><strong>mund</strong></span> <span class='ocrx_word' id='word_1_261' title='bbox 1217 4070 1251 4123; x_wconf 66' lang='grc' dir='ltr'><strong><em>Π</em></strong></span> <span class='ocrx_word' id='word_1_262' title='bbox 1265 4070 1299 4135; x_wconf 64' lang='grc' dir='ltr'><strong>(α</strong></span> 
     </span>
     <span class='ocr_line' id='line_1_43' title="bbox 162 4139 1299 4208; baseline 0.002 -19"><span class='ocrx_word' id='word_1_263' title='bbox 162 4141 197 4189; x_wconf 77' lang='lat' dir='ltr'><strong>ric</strong></span> <span class='ocrx_word' id='word_1_264' title='bbox 219 4142 321 4206; x_wconf 73' lang='lat' dir='ltr'><strong>saepiae</strong></span> <span class='ocrx_word' id='word_1_265' title='bbox 341 4140 389 4191; x_wconf 88' lang='lat' dir='ltr'><strong>·nd</strong></span> <span class='ocrx_word' id='word_1_266' title='bbox 408 4160 460 4207; x_wconf 77' lang='lat' dir='ltr'><strong>pro</strong></span> <span class='ocrx_word' id='word_1_267' title='bbox 483 4143 583 4208; x_wconf 70' lang='lat' dir='ltr'><strong>ndns),</strong></span> <span class='ocrx_word' id='word_1_268' title='bbox 608 4143 697 4193; x_wconf 90' lang='lat' dir='ltr'><strong>mundi</strong></span> <span class='ocrx_word' id='word_1_269' title='bbox 716 4160 738 4207; x_wconf 85' lang='lat' dir='ltr'><strong>p</strong></span> <span class='ocrx_word' id='word_1_270' title='bbox 826 4140 876 4202; x_wconf 79' lang='lat'><strong>190</strong></span> <span class='ocrx_word' id='word_1_271' title='bbox 893 4159 971 4194; x_wconf 76' lang='lat' dir='ltr'><strong>cauta</strong></span> <span class='ocrx_word' id='word_1_272' title='bbox 989 4140 1030 4192; x_wconf 70' lang='grc' dir='ltr'><strong>Μ’</strong></span> <span class='ocrx_word' id='word_1_273' title='bbox 1122 4139 1172 4193; x_wconf 79' lang='lat'><strong>194</strong></span> <span class='ocrx_word' id='word_1_274' title='bbox 1195 4142 1251 4194; x_wconf 73' lang='lat' dir='ltr'><strong>sadi</strong></span> <span class='ocrx_word' id='word_1_275' title='bbox 1267 4139 1299 4191; x_wconf 80' lang='lat'><em>1</em></span> 
     </span>
    </p>
   </div>
   <div class='ocr_carea' id='block_1_6' title="bbox 248 4310 1243 4380">
    <p class='ocr_par' dir='ltr' id='par_1_22' title="bbox 248 4310 1243 4380">
     <span class='ocr_line' id='line_1_44' title="bbox 248 4310 1243 4380; baseline 0 -16"><span class='ocrx_word' id='word_1_276' title='bbox 248 4311 298 4365; x_wconf 77' lang='grc'><strong>188</strong></span> <span class='ocrx_word' id='word_1_277' title='bbox 315 4316 350 4380; x_wconf 76' lang='lat' dir='ltr'><strong>cf.</strong></span> <span class='ocrx_word' id='word_1_278' title='bbox 375 4315 486 4379; x_wconf 73' lang='lat' dir='ltr'><strong>Theoph.</strong></span> <span class='ocrx_word' id='word_1_279' title='bbox 501 4317 557 4367; x_wconf 79' lang='lat'><strong><em>286.</em></strong></span> <span class='ocrx_word' id='word_1_280' title='bbox 646 4312 695 4365; x_wconf 76' lang='grc'><strong>187</strong></span> <span class='ocrx_word' id='word_1_281' title='bbox 713 4317 747 4380; x_wconf 72' lang='lat' dir='ltr'><strong>cs.</strong></span> <span class='ocrx_word' id='word_1_282' title='bbox 767 4314 879 4366; x_wconf 63' lang='lat' dir='ltr'><strong>Basca.</strong></span> <span class='ocrx_word' id='word_1_283' title='bbox 969 4310 1020 4365; x_wconf 85' lang='lat'><strong>188</strong></span> <span class='ocrx_word' id='word_1_284' title='bbox 1037 4315 1074 4380; x_wconf 79' lang='lat' dir='ltr'><strong>cs.</strong></span> <span class='ocrx_word' id='word_1_285' title='bbox 1093 4311 1243 4379; x_wconf 55' lang='lat' dir='ltr'><strong>(ionem.</strong></span> 
     </span>
    </p>
   </div>
   <div class='ocr_carea' id='block_1_7' title="bbox 0 0 1462 5024">
    <p class='ocr_par' dir='ltr' id='par_1_23' title="bbox 0 0 1462 5024">
     <span class='ocr_line' id='line_1_45' title="bbox 0 0 1462 5024; baseline 0 0"><span class='ocrx_word' id='word_1_286' title='bbox 0 0 1462 5024; x_wconf 95' lang='lat' dir='ltr'><strong> </strong></span> 
     </span>
    </p>
   </div>
  </div>
 </body>
</html>
