2962 5506
599 366 624 421 ll
642 365 668 422 4.
685 366 831 423 Abrolmm.
1231 372 1281 426 153

84 544 121 610 ts
226 538 366 606 Etenna.
410 537 475 611 Qui
490 540 636 604 clancula
652 540 797 605 cordium
813 544 989 626 cognoscit,
1004 542 1008 627 Ι
1025 565 1089 629 qua
1103 544 1283 609 intentione

144 647 360 714 unaquaeque
383 646 436 692 res
452 633 593 710 geratur,
616 627 788 713 intellegit,
809 635 814 706 Ι
833 649 893 694 nec
915 629 948 694 in
964 628 1191 695 discretissimo
1215 632 1285 695 eius

145 716 296 781 examine
319 734 394 779 reus
410 714 697 799 praevaricationis
717 714 865 798 habetur,
889 717 944 801 qui
959 737 979 779 a
994 718 1160 781 strictioris
1176 717 1282 802 rigore

143 802 397 869 conversationis
425 799 469 865 ed
495 807 625 886 tempus
654 799 881 866 descendendo
908 802 1174 869 imbecillioribus
1202 805 1282 868 assi·
1311 828 1325 867 c

143 891 247 956 mitari
274 909 340 954 non
368 887 506 973 respuit,
534 887 540 967 Ι
568 907 631 972 quo
661 888 823 953 effioacius
850 889 991 953 animam
1018 897 1164 970 revocet,
1197 911 1280 976 quae
1298 902 1346 969 sol.
1360 904 1427 953 105¹

145 977 271 1042 erravit.

96 1075 127 1136 ιθ
227 979 397 1127 Andrean.
440 1058 546 1124 uuum
570 1064 620 1123 est
641 1060 779 1142 interim,
802 1081 855 1124 me
871 1061 1021 1146 precibus
1043 1061 1207 1144 adiuvare,
1222 1062 1226 1148 Ι
1240 1083 1281 1128 ne

146 1149 291 1237 inpediat
312 1146 475 1212 diabolica
497 1145 622 1211 fraude.
642 1150 647 1228 Ι

227 1234 366 1300 lemni.
401 1232 417 1296 I
442 1253 512 1296 sum
528 1252 687 1296 summum
701 1232 833 1314 bonum,
856 1233 925 1297 sine
948 1255 1012 1319 quo
1028 1234 1106 1298 nihil
1121 1235 1158 1298 tit
1172 1235 1259 1314 boni,
1276 1235 1280 1319 Ι

149 1322 241 1387 iaciat
264 1326 355 1385 tunm
378 1254 463 1384 rede
485 1319 518 1382 iu
540 1319 627 1383 bono
651 1320 900 1402 consummarit
1300 1346 1325 1385 ιο

83 1533 134 1602 Νι
229 1527 397 1593 tamnu.
448 1525 534 1591 Num
562 1527 617 1591 ille
645 1534 695 1591 est
717 1548 809 1592 meus
831 1529 969 1610 amicus,
1002 1548 1099 1615 quem
1123 1535 1198 1593 ante
1222 1529 1283 1593 hoc

155 1613 309 1679 biennium
332 1634 391 1699 pro
414 1615 566 1700 inquisitu
590 1612 694 1678 direxi
715 1613 860 1679 Mariae?
905 1614 981 1701 Ipse
1005 1621 1064 1680 est.

231 1721 348 1766 muns.
393 1701 477 1782 Ave,
500 1699 686 1765 venerande
709 1708 812 1786 pater.

232 1788 400 1853 damnis.
451 1785 538 1867 Ave,
570 1785 709 1851 affabilis
731 1788 844 1852 amice.
890 1786 955 1850 Diu
978 1793 1010 1852 te
1034 1786 1179 1867 sustinui,
1200 1787 1204 1868 Ι
1224 1785 1283 1851 sed

159 1892 230 1938 nunc
251 1872 405 1939 advenire
429 1872 634 1959 desperavi!
1153 1875 1158 1886 '
1303 1907 1327 1946 η

232 1981 350 2027 uicus.
392 1959 473 2025 Ideo
496 1979 621 2024 moram
645 1958 717 2039 feci,
731 1960 735 2044 Ι
751 1958 827 2044 quia
850 1965 882 2022 te
898 1956 1052 2044 ambigua
1066 1978 1102 2022 re
1119 1958 1284 2022 sollicitari

160 2065 212 2111 non
225 2047 443 2133 praesumpsi3
464 2049 469 2128 Ι
489 2053 523 2110 at
544 2045 600 2110 ubi
616 2047 791 2110 veritatem·
803 2045 1006 2130 investigari,
1027 2046 1031 2129 Ι
1051 2043 1190 2109 reditum
1214 2064 1282 2108 ma-

161 2133 285 2203 turarii

231 2219 397 2284 domm
440 2215 581 2281 Vidistin
602 2217 759 2281 Mariam?

231 2326 348 2370 uicus.
394 2302 506 2379 Vidit
1302 2333 1328 2373 ρο

231 2393 396 2456 naama.
440 2389 552 2467 Ubitl

233 2496 349 2541 turcus.
396 2474 468 2549 Qua
492 2475 579 2539 dictu
603 2475 805 2539 miserabile!

232 2563 397 2626 Annuus.
444 2562 514 2643 Dic,
539 2562 684 2626 obsecro.

132 2643 145 2703 3
231 2669 346 2713 anricus.
392 2647 430 2711 In
457 2647 552 2713 domo
577 2648 742 2712 cuiusdam
759 2648 882 2711 lenonis
899 2646 1132 2713 habitationem
1149 2649 1259 2733 elegit,
1279 2649 1282 2731 Ι

162 2734 203 2816 qui
232 2734 352 2799 tenello
382 2754 493 2799 amore
522 2736 610 2799 illam
635 2735 721 2800 colit.
742 2734 746 2815 Ι
766 2732 836 2797 Nec
860 2735 992 2808 frustra3
1023 2756 1098 2800 nam
1121 2737 1207 2799 omni
1231 2734 1283 2799 die
1302 2767 1326 2806 2⁵

163 2839 212 2884 non
234 2819 361 2886 modica
384 2822 428 2884 illi
476 2823 589 2886 ecunin
612 2823 653 2886 ab
679 2822 747 2885 eius
771 2821 967 2885 amatoribus
992 2820 1170 2886 adducitur.

232 2909 399 2972 Annium.
444 2843 475 2971 d
497 2908 620 2972 Mariae
644 2906 862 2972 amatoribus?

233 3014 348 3058 sarens.
392 2994 446 3058 Ab
468 2995 557 3078 ipsis.

232 3082 398 3144 Anninus.
445 3080 507 3153 Qui
531 3089 604 3144 sunt
627 3081 695 3144 eius
719 3085 899 3144 amatores?
921 3081 925 3160 Ι

233 3187 350 3230 turcus.
395 3167 441 3230 Pe
483 3168 604 3236 iures!
1305 3200 1330 3237 oo

129 3248 140 3304 i
232 3257 397 3316 Arsinna.
472 3255 481 3317 i
507 3254 598 3317 mihi!
626 3252 656 3315 Ο
681 3252 765 3315 bone
783 3252 868 3320 lesu.
893 3251 968 3336 quid
992 3250 1051 3314 hoo
1068 3251 1202 3314 monstri
1226 3258 1284 3330 est,

160 3339 233 3489 qugld
260 3340 360 3419 bano,
395 3361 490 3424 quarn
524 3341 581 3403 tibi
611 3360 761 3424 sponsam
785 3339 916 3417 nutrivi,
943 3339 947 3419 Ι
973 3338 1095 3401 alienos
1124 3344 1286 3401 amatores

159 3427 394 3506 memmi

233 3448 350 3577 iureis.
396 3512 467 3575 lIoc
498 3513 720 3577 meretricibus
751 3512 923 3596 antiquitus
954 3511 1013 3574 fuit
1043 3512 1074 3574 in
1104 3530 1205 3589 more,
1226 3511 1230 3591 Ι
1250 3518 1285 3574 ut

158 3598 252 3662 alieno
278 3598 518 3662 delectarentur
541 3600 572 3660 iu
596 3620 715 3664 amore.
737 3601 741 3677 Ι
1304 3632 1329 3669 ae

125 3675 139 3732 ⁵
232 3686 400 3749 Murrina.
445 3686 538 3748 Affer
553 3686 630 3748 mihi
654 3683 843 3770 sonipedem
861 3681 1033 3746 delicatum
1047 3684 1050 3764 Ι
1066 3692 1098 3745 et
1115 3684 1286 3746 militarem

83 3751 303 3850 ''mubitmn
324 3775 330 3852 Ι
350 3792 428 3856 quo,
459 3772 606 3856 deposito
637 3773 779 3856 tegmine
809 3770 983 3852 religionis,
1009 3771 1013 3852 Ι
1044 3771 1146 3854 ipsam
1170 3768 1286 3832 adeam

156 3857 207 3920 nb
229 3860 338 3944 specie
362 3859 523 3922 amatoris.
546 3859 551 3937 Ι

160 3973 309 3982 ψ--μ-
668 3974 859 3980 ----μ
1175 3970 1287 3977 ——--

83 1946 147 2006 W.

130 2012 144 2073 t

233 4033 250 4085 2
275 4036 456 4087 diremtiaaima
478 4033 526 4095 (ric
545 4034 578 4098 p)
602 4035 658 4084 eiua
682 4034 801 4083 exanime
824 4032 865 4081 JI¹
954 4030 970 4081 3
994 4032 1057 4095 qnia
1082 4031 1220 4081 strictionis
1244 4029 1287 4080 M:

156 4121 215 4153 cm.
235 4105 345 4169 linyriiu
414 4104 577 4155 ddasoendo
595 4102 636 4152 Μ’
684 4103 829 4153 assimulari
849 4101 892 4151 Μ’
962 4099 997 4150 22
1015 4101 1082 4162 Quia
1096 4098 1138 4149 w
1208 4097 1242 4151 35
1261 4102 1287 4151 in

156 4173 200 4223 tel.
218 4192 249 4223 ιι,
266 4179 282 4223 2
300 4174 330 4223 ll
417 4171 451 4223 38
469 4175 591 4223 amatoris
606 4173 685 4238 pleno
703 4174 750 4235 sol.
762 4175 825 4222 105³
844 4170 983 4237 arcperadd.
1003 4175 1060 4220 πμ]
1081 4169 1113 4218 Μ

159 4381 209 4442 Η
238 4311 321 4431 11)εὲ
342 4311 417 4362 Date.
429 4314 458 4362 13
476 4313 521 4375 §L
593 4309 624 4361 14
643 4312 677 4375 cf.
696 4309 904 4371 (taltlrst'r
976 4307 1009 4358 34
1028 4309 1062 4373 cf.
1078 4307 1222 4359 Galliis
1241 4309 1288 4369 9³9,

177 4400 229 4431 eu.
256 4389 292 4439 Γ,
321 4421 325 4428 .
