2910 5024
518 351 779 408 HROTSVl'l'HAE
799 351 928 408 OPERA.

265 522 448 589 Consensus
470 525 575 609 plebis
598 524 760 589 clamabat
783 525 986 590 concorditer
1008 527 1121 604 omnis,

264 610 478 697 Respondens
501 612 578 675 cleri
601 612 684 673 votis
707 613 824 676 eadem
847 613 1014 698 cupientis,

264 696 360 762 Hunc
383 700 452 762 fore
475 699 658 782 praecipuis
681 706 793 784 aptum
817 700 939 763 meritis
961 699 1201 779 vicedomnum,

268 783 313 847 Ut
335 785 462 849 culmen
485 785 571 848 sedis
595 792 742 870 captaret
765 785 967 871 pontificalis,

267 871 390 935 Summi
413 872 571 957 pontificis
595 892 768 956 curamque
792 879 919 935 teneret
942 872 1043 936 ovilis.

267 957 340 1021 Hoc
364 978 491 1042 quoque
514 957 712 1043 persuadere
735 979 793 1022 suo
815 958 1065 1044 metrapolitano

264 1044 411 1108 Pontifici
435 1045 561 1128 scriptis
584 1044 782 1108 festinabant
806 1046 868 1107 cito
892 1046 1006 1124 missis,

266 1129 365 1194 Cuius
387 1132 504 1195 iudicio
528 1131 626 1194 statui
649 1139 760 1215 pastor
782 1131 919 1216 sapienti

266 1217 390 1280 Debuit
413 1219 570 1282 ecelesiae
594 1217 649 1280 tali
673 1217 851 1301 condignus
873 1217 1006 1280 honore.

309 1304 371 1377 Qui
394 1305 539 1368 bonitate
564 1304 622 1366 viri
645 1313 811 1388 comperta
833 1323 974 1388 namque
997 1302 1130 1387 benigni

267 1388 309 1452 Se
333 1391 567 1476 completurum
591 1390 737 1475 promisit
760 1392 843 1453 velle
866 1396 1068 1476 precantum.

267 1474 310 1539 Et
333 1479 458 1540 venisse
482 1479 584 1540 virum
607 1478 698 1540 iussit
721 1479 875 1540 maturius
898 1479 1014 1562 ipsum,

267 1562 398 1626 Affectu
421 1564 533 1649 populi
556 1571 645 1627 tanto
669 1584 766 1648 quem
788 1565 888 1627 sensit
910 1564 1021 1626 amari.

268 1649 327 1712 Ille
352 1649 420 1731 sed,
444 1671 601 1714 execrans
625 1651 724 1712 talem
748 1658 932 1713 constanter
954 1649 1123 1728 honorem,

266 1735 431 1799 Praesulis
454 1738 589 1822 imperio
613 1757 728 1821 parere
751 1745 851 1820 negat
874 1735 1050 1821 veniendm
1301 1759 1318 1822 p

266 1822 380 1886 Donec
403 1824 520 1887 invitus
543 1823 689 1903 trahitur,
713 1823 814 1886 turbis
837 1823 1036 1907 glomeratis.

267 1909 320 1985 Et,
344 1930 416 1972 cum
439 1910 598 1995 pontificis
621 1918 886 1993 praesentaretur
908 1908 1030 1987 ocellis,

267 1994 393 2058 Stratus
416 1997 560 2081 adusque
585 1997 688 2059 solum
712 2017 808 2059 voces
832 1995 1009 2081 spargebat
1031 1995 1065 2056 iu
1088 1994 1200 2071 altum,

268 2081 429 2145 Infectum
451 2085 536 2146 vitiis
559 2104 631 2145 sese
655 2083 765 2145 dicens
789 2083 858 2146 fore
881 2083 988 2145 multis

266 2167 338 2231 Non
362 2178 472 2252 aptum
496 2179 605 2233 sancto
630 2167 746 2232 Christi
770 2171 889 2254 populo
913 2167 1080 2232 dominari.

309 2254 369 2317 His
393 2257 490 2339 igitur
515 2256 655 2340 querulis
678 2257 794 2319 iterata
818 2277 897 2319 voce
921 2255 1071 2340 profusis,

268 2341 414 2404 Antistes
437 2364 578 2405 summus
602 2344 698 2406 cessit
720 2351 884 2427 postremo
909 2347 1050 2420 coaetus,

267 2426 437 2512 Huneque,
462 2429 560 2492 decus
585 2430 657 2491 talis
681 2431 735 2513 qui
758 2430 912 2492 fastidivit
934 2428 1077 2492 honoris.

268 2513 434 2578 Iniunctae
458 2537 593 2579 vacuum
617 2536 712 2579 curae
737 2517 895 2578 concessit
917 2514 1018 2595 abire,

268 2598 475 2664 Constituere
499 2603 596 2664 alium
621 2603 752 2665 rectoris
775 2604 905 2665 nomine
930 2601 1072 2686 dignum.

267 2685 329 2757 Qui
353 2710 425 2750 nam
448 2709 626 2772 paucorum
650 2697 724 2773 post
746 2689 914 2752 intervalla
937 2687 1074 2762 diemm,

268 2770 475 2843 Quorundam
500 2776 626 2838 blandis
650 2777 731 2838 clam
755 2776 906 2838 seductus
929 2774 1082 2849 suadelis,

268 2858 429 2925 Subiectis
453 2863 550 2925 alium
575 2864 637 2924 cito
660 2864 849 2945 praeposuit
872 2861 1113 2931 vicedomnum

270 2947 379 3032 Atque
403 2949 620 3033 Theophilum
643 2950 775 3011 summis
798 2949 919 3012 meritis
942 2946 1161 3012 venerandam

267 3033 369 3097 Movit
392 3036 432 3099 ab
458 3037 573 3109 officio,
598 3036 715 3097 multos
739 3057 801 3119 quo
826 3035 969 3119 fungitur
991 3055 1101 3097 annos.

267 3120 352 3184 Istoc
375 3122 443 3202 sed,
468 3123 590 3205 fragilis
614 3122 755 3184 tolerans
779 3123 940 3207 patienter
962 3121 1094 3184 honoris

268 3206 440 3285 Damnum,
464 3210 625 3271 tristitiam
649 3209 741 3292 pellit
764 3207 804 3270 de
828 3216 959 3293 pectore
983 3216 1141 3286 cunctam,

268 3292 505 3379 Gaudebatque
530 3297 618 3360 satis.
641 3316 713 3358 sese
737 3296 801 3357 iam
825 3316 919 3380 posse
944 3315 1060 3358 vacare

269 3378 373 3443 Tanto
398 3382 529 3444 liberius
553 3381 658 3444 studio
683 3380 801 3445 Christi
825 3383 1008 3462 famulatus,

269 3466 397 3538 Quanto
422 3490 568 3532 curarum
592 3490 722 3531 securus
746 3476 816 3531 erat
839 3470 1008 3531 variamm.

312 3553 410 3616 Cuius
432 3577 510 3618 mox
532 3560 676 3618 mentem
700 3555 879 3618 detestatur
901 3556 1080 3640 patientem

269 3640 382 3703 Totius
404 3641 534 3704 humani
559 3643 687 3721 generis
710 3642 914 3704 saevissimus
937 3641 1048 3722 hostis,

269 3727 321 3801 Et,
344 3748 407 3811 qua
429 3728 584 3812 primates
608 3727 736 3812 decepit
759 3726 871 3791 fraude
896 3734 1058 3812 parentes,

162 3837 188 3876 ro
270 3813 344 3876 Hac
366 3814 498 3877 huiusce
522 3816 580 3877 viri
605 3816 712 3899 pulsat
733 3815 914 3899 penetralia
935 3815 1019 3894 iusti,
1295 3835 1318 3902 fr

247 4002 282 4053 32
294 4005 390 4054 elamat
402 4004 529 4065 Bartsch5
541 4005 586 4054 sed
600 4007 634 4071 cs.
647 4022 669 4054 o.
679 4008 715 4054 38
728 4007 886 4056 festinabant
958 4004 991 4055 37
1005 4007 1203 4073 metropolitano
1218 4006 1299 4060 Gelu

161 4070 196 4124 38
212 4075 344 4123 Pontificis
357 4074 389 4123 M
456 4072 489 4122 44
508 4075 609 4125 dilectu
623 4074 653 4122 M
722 4072 756 4124 47
774 4075 930 4141 glomeratur
942 4076 985 4125 M:
1001 4077 1104 4127 emat
1172 4073 1210 4128 59
1231 4079 1300 4130 nb·

162 4143 258 4192 donum
277 4143 309 4192 M
393 4141 426 4192 64
446 4160 538 4194 uocare
556 4143 590 4192 M

247 4282 281 4329 33
299 4295 333 4346 cs.
350 4291 411 4346 pest.
423 4285 477 4333 130.
548 4280 582 4331 36
599 4283 693 4331 summi
711 4283 838 4348 pontificis
856 4283 872 4331 i.
886 4300 906 4334 e.
926 4282 976 4333 dei.
1046 4281 1081 4335 56
1099 4302 1132 4326 =
1147 4293 1212 4349 put.
1228 4287 1298 4337 lm·

161 4347 195 4400 66
213 4351 247 4417 cf.
266 4349 369 4401 ΜΗ
385 4350 433 4411 §2
