2910 5024
543 355 598 410 18.
617 355 717 424 Aones.

584 526 679 592 VIII.

228 629 400 696 INCIPIT
422 629 579 696 PASSIO
604 630 809 696 sallom
834 631 1027 698 AGNETIS

356 716 559 782 VIRGINIS
582 717 639 782 ET
662 717 904 784 MARTYRIS.

209 839 323 925 Virgo,
347 859 441 990 puae,
465 859 565 903 vanas
587 839 698 904 mundi
719 860 856 926 pompas
878 841 990 906 ruituri

167 927 209 991 Et
230 928 327 991 luxus
378 927 474 1010 agilis
496 927 629 1012 euplens
652 933 883 1012 contempnere
907 929 1020 1008 carnis,

167 1012 352 1078 Promeruit
373 1013 460 1097 regis
482 1014 618 1078 vocitari
641 1034 761 1098 sponsa
782 1015 944 1100 perennis,

168 1099 201 1165 Si
222 1100 303 1164 velit
324 1100 492 1186 angelicae
514 1120 574 1185 pro
597 1100 789 1185 virginitatis
812 1101 935 1166 honore

171 1186 278 1273 Ipsius
300 1187 459 1270 astrigera
481 1186 591 1272 sponsi
613 1187 764 1251 caelestis
786 1187 819 1250 in
842 1189 918 1252 aula
967 1248 980 1254 .,

169 1272 292 1338 Addita
314 1273 477 1337 caelicolis
498 1272 600 1337 nitida
622 1274 748 1360 fulgere
772 1294 893 1338 corona

168 1361 277 1446 Atque
302 1379 442 1445 sequens
464 1379 584 1445 agnum
608 1380 739 1424 carmen
761 1367 894 1426 cantare
917 1382 1080 1445 sonorum,

170 1445 352 1512 Conservet
373 1466 454 1532 pure
477 1447 602 1511 sincero
626 1445 732 1512 cordis
755 1467 866 1512 amore

169 1533 303 1618 Signum
325 1532 507 1609 laudabilis,
532 1532 620 1618 quod
641 1539 761 1619 portat,
783 1534 991 1618 virginitatis;

171 1618 355 1706 Quae<que)
381 1625 479 1705 caput
501 1618 629 1685 Christo
653 1620 761 1705 signat
782 1620 943 1686 velamine
967 1642 1070 1704 sacro,

169 1706 316 1771 Haereat
339 1706 459 1772 affectu
482 1711 596 1770 tenero
620 1713 805 1771 constanter
826 1707 859 1770 in
881 1707 936 1772 illo

169 1794 218 1858 Ac
241 1794 364 1858 cunctis
386 1793 457 1857 aliis
479 1793 585 1878 ipsum
609 1799 790 1879 praeponat
811 1792 933 1874 amicis,

172 1879 242 1960 Qui,
265 1880 401 1944 rutilans
423 1880 567 1960 nimium,
590 1879 695 1944 forma
716 1880 882 1966 speciosus
905 1900 1052 1961 amoena,

171 1966 274 2031 Natos
298 1972 484 2031 cunctarum
506 1966 621 2031 merito
645 1967 743 2031 vincit
764 1967 945 2033 mulierum.

173 2051 272 2118 Cuius
296 2074 407 2118 amore
431 2052 562 2138 quidem
585 2052 749 2118 ferventes
772 2073 914 2138 congrue
938 2052 1064 2140 pridem

170 2139 344 2225 Perplures
367 2159 478 2205 sacrae
502 2139 662 2205 constanti
683 2138 780 2204 corde
804 2140 933 2226 puellae

170 2225 310 2310 Elegere
334 2228 426 2308 mori,
449 2227 555 2291 saevis
578 2227 756 2312 poenisque
778 2227 898 2308 necari,

171 2311 277 2386 Quam
301 2312 400 2378 decus
421 2313 555 2398 insignis
578 2333 786 2398 corrumpere
808 2314 1012 2398 virginitatis.

170 2398 258 2463 Inter
281 2420 361 2484 quas
385 2399 507 2484 Agnes,
529 2399 649 2463 mundo
673 2399 886 2464 celeberrima
908 2401 1011 2486 virgo,

170 2485 245 2551 Iure
269 2487 318 2550 sui
340 2487 449 2572 sponsi
472 2485 634 2571 condigna
655 2486 752 2551 laude
777 2486 887 2551 decori

171 2570 288 2637 Christi
312 2571 499 2637 dissimilem
523 2573 644 2637 cunctis
666 2572 833 2638 recitando
861 2573 1024 2655 decorem,

170 2659 358 2743 VirgInibus
381 2660 481 2724 sacris
505 2660 574 2724 eius
600 2660 805 2723 commendat
828 2659 947 2723 amoris

170 2745 303 2830 Pignus,
327 2746 391 2831 qui,
416 2746 545 2831 genitus
567 2766 659 2810 saera
681 2745 722 2811 de
746 2746 881 2831 virgine,
904 2746 994 2810 solus

171 2830 315 2919 Sponsus
338 2838 498 2897 oastamm
521 2852 647 2897 necnon
671 2830 770 2897 decus
793 2839 843 2897 est
865 2833 1054 2898 animarum.

215 2918 309 2984 Haec
331 2919 444 3004 Agnes
468 2939 556 3003 ergo,
579 2919 702 2983 meritis
725 2920 902 2984 clarissima
924 2918 1027 3004 virgo,

172 3004 323 3069 Carmine
346 3026 410 3070 non
434 3006 519 3071 culto
542 3006 656 3092 pangit
679 3027 775 3091 quam
798 3012 909 3069 nostra
932 3024 1076 3086 camena,

170 3091 270 3156 Urbis
293 3092 438 3157 famosae
461 3092 659 3178 praenobilis
680 3093 788 3157 incola
808 3091 946 3170 Romae,

171 3178 296 3243 Prodiit
319 3179 477 3244 almorum
501 3179 589 3244 clara
612 3178 653 3243 de
676 3180 775 3264 stirpe
801 3184 983 3264 parentum,

171 3264 289 3330 Inclita
310 3265 461 3330 nobilitas
485 3287 566 3352 quos
589 3267 679 3330 vexit
702 3272 736 3329 et
758 3265 845 3328 alma
866 3270 1028 3350 potestas3

171 3350 271 3417 Ortus
294 3359 328 3415 at
350 3373 393 3417 ue
418 3353 467 3416 sui
489 3351 690 3438 respondens
712 3351 874 3416 nobilitati

171 3437 314 3504 Pulchra
330 3374 396 3504 duit
419 3439 502 3504 facie
525 3439 667 3524 fideique
692 3438 811 3504 deeora
832 3439 948 3518 nitore,

170 3524 361 3612 Praecipnis
382 3526 516 3590 nimium
538 3527 661 3590 meritis
683 3523 869 3610 mundoque
892 3521 1040 3588 celebris.

172 3610 265 3685 Quae
288 3633 373 3688 nam,
396 3613 498 3678 tincta
518 3613 601 3678 sacri
622 3633 704 3698 pura
726 3611 929 3698 baptismatis
950 3608 1039 3674 unda

170 3697 216 3762 Et
238 3698 280 3762 de
305 3698 415 3763 delicti
437 3700 571 3764 maculis
592 3699 750 3763 mundata
772 3698 908 3777 veterni,

173 3784 218 3850 Se
242 3791 344 3850 totam
367 3784 497 3850 Christo
520 3786 652 3851 devovit
674 3792 785 3850 mente
807 3785 959 3870 bemgna

147 3928 245 3976 Aenus.
297 3924 315 3978 5
332 3925 419 3992 spons!
436 3925 470 3976 M
547 3924 564 3978 8
581 3927 697 3978 scinooro
709 3925 784 3991 M¹p¹
867 3920 901 3976 10
918 3938 970 3988 qne
986 3920 1051 3972 odd.
1065 3918 1145 3971 Cella
1157 3918 1208 3980 (ric

113 4013 132 4044 r.
144 3993 208 4057 873)
292 3993 323 4046 14
337 4003 491 4046 cunctorum
508 3995 570 4060 M¹p
649 3993 683 4046 24
701 4002 844 4047 castrorum
861 4000 1003 4044 metrorum
1021 3988 1105 4055 M¹p¹,
1122 3996 1206 4040 wlo-

113 4104 115 4114 r
132 4062 187 4126 Μ’,
206 4072 349 4114 castrorum
358 4065 394 4128 ρ’
463 4062 497 4116 29
507 4081 542 4130 aq.
562 4064 620 4116 dist.
633 4064 710 4131 Beris
724 4064 755 4116 dc
774 4065 802 4115 le
814 4062 945 4114 Bretonne
1015 4055 1050 4112 35
1067 4056 1162 4122 montel
1174 4056 1207 4107 Μ

148 4187 245 4236 Aona
287 4180 305 4234 4
329 4186 363 4250 cf.
387 4183 456 4249 Apu.
474 4186 528 4235 137.
552 4187 601 4235 421
622 4182 729 4248 (Mettis.
745 4186 787 4248 22,
804 4183 858 4249 30).
944 4179 963 4234 5
988 4181 1024 4248 cs.
1050 4179 1129 4232 Dion
1145 4181 1204 4232 138.

112 4256 131 4304 θ’.
151 4253 339 4320 cpow1.14‚4
357 4254 385 4303 1ιί
403 4262 548 4319 sequrmtur
560 4269 658 4319 agnum
670 4269 835 4318 quocumque
847 4251 914 4305 ierit.
985 4248 1020 4303 10
1036 4252 1072 4318 cs.
1091 4248 1205 4302 Baa31.

113 4341 139 4390 q.
159 4324 196 4389 cs.
216 4321 307 4374 Sedul.
320 4322 399 4374 1151
416 4325 497 4374 forma
513 4325 644 4390 speciosus
660 4338 769 4376 amoena
805 4338 848 4375 rae
865 4321 925 4373 tlliis
942 4318 1023 4385 (natis
1040 4338 1063 4373 v.
1076 4320 1107 4377 1.)
1124 4317 1205 4371 homi·

112 4391 353 4460 r(pcolm.44‚3).
440 4389 475 4444 26
492 4393 527 4458 cs.
548 4392 630 4459 Gonq.
645 4393 685 4443 81.
825 4411 857 4434 =
866 4390 947 4456 prim.
959 4393 980 4442 ⁷.

1201 2622 1248 2687 sol.
1260 2624 1314 2674 68*
