2910 5024
478 361 520 416 111
539 363 650 432 npetu
670 361 782 416 Ottoais.

156 531 246 599 Eius
269 553 332 598 nec
354 536 450 598 cessit
471 536 545 600 telis
568 536 730 599 exercitus
752 536 836 617 ullis,

157 620 208 685 Ni
233 641 293 684 sua
315 621 497 706 spernendo
522 623 630 686 forsan
653 622 777 706 regalia
799 623 886 686 iussa

158 707 240 772 Illic
262 713 434 792 pugnaret,
460 728 522 793 quo
546 729 605 772 rex
628 708 714 772 idem
738 708 936 793 prohiberet.

209 794 258 857 At
282 792 348 856 dux
370 794 541 875 Henricus,
565 796 665 858 frater
687 796 773 879 regis
796 793 1007 875 venerandus,

159 879 327 965 Princeps
348 881 382 943 in
404 901 506 964 regno
529 881 636 944 fuerat
658 888 733 945 tunc
755 902 873 967 nempe
897 882 1006 964 quieto

160 965 251 1030 Post
273 986 397 1050 regem,
420 967 510 1051 plebi
532 969 647 1030 merito
671 968 866 1031 venerabilis
890 968 987 1030 omni.

163 1052 233 1126 Qui
256 1053 318 1116 sibi
340 1052 501 1137 condigne
524 1053 623 1137 legali
647 1054 751 1117 iunxit
772 1073 883 1117 amore

163 1139 297 1203 Arnulfi
320 1145 439 1215 natam,
463 1139 553 1204 ducis
577 1141 712 1224 egregii,
735 1160 939 1224 generosam,
1143 1154 1200 1207 (aas)

162 1224 308 1289 Nomine
332 1225 499 1306 Iudittam,
522 1226 629 1290 vultus
651 1225 826 1310 splendore
849 1246 1015 1290 coruscam

164 1314 219 1375 Ac
242 1311 369 1397 fulgore
393 1315 497 1397 magis
521 1319 656 1378 cunctae
678 1312 814 1376 nitidam
836 1313 1001 1377 bonitatis.

166 1396 232 1461 His
253 1399 299 1462 ita
323 1397 468 1482 digestis,
491 1400 598 1463 fuerat
620 1420 687 1483 pax
709 1399 851 1483 undique
874 1399 990 1462 nostris

170 1481 227 1547 Ad
249 1491 378 1568 tempus
400 1485 563 1549 modicum
587 1485 744 1569 libitoque
768 1486 873 1548 minus
895 1486 1096 1571 populorum,

167 1569 339 1634 Bellorum
362 1578 450 1634 certe
474 1592 572 1635 saevo
595 1573 747 1655 clangore
770 1575 911 1636 tacente.
1144 1584 1203 1635 (aaa)

215 1656 244 1720 Ο
269 1677 366 1743 quam
388 1659 596 1743 tranquillum
619 1656 727 1721 ridens
750 1656 928 1721 deduceret
950 1677 1066 1720 aevum

169 1740 351 1807 Fortunata
373 1744 450 1806 satis
473 1750 603 1808 nostrae
626 1764 678 1807 rea
700 1744 831 1828 publica
852 1744 969 1827 gentis,

173 1827 265 1901 Quae
288 1829 383 1892 nimis
405 1831 542 1914 imperio
566 1831 653 1913 regis
675 1831 799 1914 regitur
820 1830 985 1914 sapientis,

172 1913 206 1978 Si
228 1937 294 1979 non
316 1916 439 2000 antiqui
461 1918 548 1981 mala
570 1914 729 1980 calliditas
753 1917 872 1980 inimici

173 2000 336 2066 Turbaret
357 2010 502 2066 nostrum
526 2010 653 2067 secreta
676 2000 789 2066 fraude
813 2007 980 2066 serenum!
1146 2014 1204 2068 (ao)

174 2087 337 2173 Denique,
362 2087 496 2152 devictis
519 2090 720 2173 aligenorum
743 2089 828 2152 bene
851 2089 935 2168 telis,

172 2173 327 2239 Exoritur
347 2176 466 2238 nostris
489 2176 594 2239 subito
619 2173 780 2239 discordia
801 2176 902 2252 fortis,
1200 2184 1248 2251 sol.
1261 2186 1326 2235 137ἒ

173 2260 333 2325 Laeserat
356 2267 390 2324 et
412 2262 542 2347 plebem
566 2262 688 2326 bellum
713 2262 806 2326 civile
828 2260 959 2326 fidelem

174 2347 250 2411 Plus
274 2368 372 2432 quam
393 2347 551 2412 bellorum
575 2355 734 2412 structura
756 2348 907 2432 frequens
930 2347 1101 2410 variorum.

173 2433 279 2498 Huius
303 2455 401 2497 causa
424 2435 501 2498 mali
523 2436 630 2499 fuerat
651 2455 716 2498 non
738 2456 839 2519 parva
863 2433 1004 2513 dolendi,
1147 2446 1204 2499 (24⁵)

175 2520 326 2604 Denique
350 2521 514 2585 conflictus
537 2519 736 2605 quorundam
761 2541 825 2584 non
848 2520 1045 2601 moderatus,

175 2607 228 2672 Ex
251 2606 368 2691 quibus
390 2606 533 2671 Henrico
558 2607 717 2692 quaedam
742 2628 817 2691 pars
840 2613 949 2671 mente
972 2607 1131 2688 benigna

174 2694 316 2758 Devovit
337 2694 424 2777 regis
447 2694 536 2757 fratri
559 2695 607 2758 ius
630 2694 842 2774 vernulitatis,

175 2780 258 2844 Pars
280 2779 471 2843 Evurhardo
495 2782 604 2844 comiti
627 2779 766 2843 studium
791 2779 976 2843 famulandi.

175 2867 220 2930 At
242 2886 316 2931 cum
339 2866 475 2950 quisque
499 2868 546 2930 sui
569 2873 698 2951 peteret
720 2867 878 2929 solamina
901 2865 1020 2943 domni,
1148 2883 1204 2933 (rso)

177 2952 263 3017 Hinc
286 2953 415 3036 gravior
437 2952 574 3016 dominis
597 2952 756 3017 discordia
777 2953 918 3016 nascitur
939 2953 1029 3036 ipsis.

178 3038 325 3103 Tandem
347 3046 495 3123 percerte
520 3040 668 3103 conflictu
689 3038 931 3123 progrediente,

177 3125 368 3190 Praedictus
391 3144 534 3210 praeses,
557 3127 642 3189 male
667 3126 820 3190 collectas
842 3126 989 3208 legiones

177 3212 257 3277 Mox
279 3211 321 3275 ad
344 3212 512 3276 castellum
534 3211 688 3276 Baduliki
710 3210 904 3296 capiendum

178 3298 230 3363 Ex
251 3298 415 3383 inproviso
437 3298 568 3362 mittens
591 3298 650 3362 sub
674 3306 770 3362 nocte
793 3298 925 3382 nigella,
1148 3310 1206 3365 (aa)

177 3384 281 3448 Duxit
303 3385 467 3469 captivum
489 3384 621 3448 fratrem
644 3386 731 3468 regis
753 3404 947 3468 generosum

179 3470 368 3550 Henricum,
391 3471 503 3534 vinclis
525 3472 649 3556 palmas
672 3470 861 3554 stringendo
886 3471 1025 3534 cruentis

178 3557 258 3622 Eius
281 3556 478 3636 candidolas,
503 3559 700 3622 ornamentis
724 3558 826 3641 magis
850 3562 957 3640 aptas;

179 3644 292 3730 Atque
315 3663 390 3708 anas
413 3664 512 3728 gazas
534 3643 726 3729 disperdens
747 3644 980 3723 innumerosas,

159 3835 209 3888 168
236 3836 410 3902 alienigenum
440 3835 533 3896 Callon
558 3836 620 3901 sort
646 3835 791 3887 alienorum
906 3832 955 3884 175
981 3833 1036 3899 rogi
1061 3833 1148 3883 fratria
1175 3829 1211 3881 df

125 3903 319 3959 linnumarosos
337 3905 370 3955 Μ

160 4077 213 4131 150
230 4082 265 4146 es.
285 4095 379 4145 appar.
398 4078 435 4128 ad
454 4078 536 4142 Germ.
550 4080 587 4128 73.
687 4074 737 4128 156
756 4079 790 4143 cf.
809 4073 891 4126 K.·D.
904 4090 933 4139 p.
946 4073 1004 4126 80².
1103 4069 1156 4125 160
1172 4074 1208 4140 cf.

125 4150 205 4201 2316.
288 4147 338 4200 161
357 4144 417 4198 ‘aar
434 4148 489 4199 aine
507 4147 584 4197 harae
597 4141 675 4205 Zcit’,·
692 4143 724 4208 cf.
741 4152 803 4210 qest
815 4146 870 4196 316.
955 4140 1003 4194 168
1019 4143 1055 4208 cf.
1073 4141 1134 4193 bnt
1145 4147 1209 4207 μθ.

125 4219 172 4285 fes.
185 4218 254 4284 Apa
264 4221 318 4269 117.
380 4215 431 4269 175
442 4218 459 4268 i.
470 4233 491 4268 e.
504 4216 646 4266 dwooerat.
709 4212 760 4265 176
772 4212 924 4264 Evurhardo
935 4212 1022 4263 comiti
1034 4209 1209 4263 Francorum.

125 4279 1209 4418 man:acernaacernanccacram⁴·

269 4374 305 4406 aa
485 4393 493 4419 ,
833 4390 840 4404 .
900 4411 903 4421 ,
1024 4389 1030 4402 .
1169 4388 1176 4402 .

125 4445 315 4496 Hnorsrrrass
333 4456 426 4494 oreas.
1024 4432 1057 4487 14
