2962 5506
531 831 796 888 HROTSVITHAE
813 829 943 889 OPERA.

280 1004 417 1092 Optans,
439 1007 597 1092 praestari
620 1006 750 1071 sibimet
771 1004 934 1070 oonsortia
956 1006 1052 1088 servi,

279 1094 389 1179 Atque
412 1094 497 1179 patri
519 1094 649 1179 proprio
672 1091 817 1178 profudit
839 1092 918 1156 talia
939 1091 1057 1158 verba:

277 1180 360 1245 ‘Iarn
383 1183 540 1245 miserere
563 1186 649 1260 tuae,
672 1179 800 1263 genitor
823 1177 1017 1261 dulcissime,
1039 1184 1151 1263 natae,

278 1264 321 1330 Et
343 1266 435 1331 eitius
457 1286 565 1330 meme
587 1267 705 1347 iuveni,
729 1286 827 1351 quem
850 1263 961 1350 diligo,
982 1264 1087 1346 trado,
1180 1340 1183 1345 ,

278 1351 330 1417 Ne
352 1353 472 1417 moriar
494 1353 602 1433 tristis,
624 1353 782 1437 languens
804 1371 865 1438 per
886 1350 997 1417 taedis
1017 1350 1148 1417 sordis?

321 1438 382 1503 His
404 1445 500 1525 pater
521 1439 640 1503 auditis
661 1439 801 1503 lacrimis
825 1437 955 1503 dicebat
976 1439 1110 1504 amaris:

277 1522 365 1590 ‘Heu
387 1525 462 1608 heu,
486 1524 564 1611 quid
585 1525 707 1611 pateris
729 1524 830 1590 veluti
851 1545 927 1626 spes
948 1525 1044 1590 unioa
1065 1524 1189 1612 patris?

278 1611 351 1693 Dio,
374 1632 465 1698 rogo,
488 1613 559 1697 quis
581 1612 689 1676 verbis
712 1618 745 1676 te
768 1610 899 1696 deeeprt
920 1611 1006 1677 mala
1027 1610 1169 1691 blandis,

278 1697 342 1762 Vel
364 1699 435 1784 quis
457 1696 622 1762 blanditiis
644 1697 853 1762 circumvenit
875 1697 1052 1763 simulatis?

278 1783 404 1867 Nonne,
427 1784 488 1849 tibi
508 1787 648 1870 patriam
670 1783 763 1849 reddi
786 1783 946 1870 cupiendo
968 1804 1157 1869 supernam,

280 1869 303 1935 S
328 1891 406 1936 onso
430 1872 563 1937 caelesti
586 1871 714 1937 christo
738 1877 771 1934 te
795 1869 935 1956 denique
957 1871 1044 1953 vovi

313 1979 375 2023 uno
398 1963 488 2022 easta
510 1958 613 2022 solum
637 1959 762 2022 coleres
785 1977 849 2042 quo
872 1961 982 2022 mente
1003 1976 1066 2043 per
1086 1976 1218 2040 aevum,

280 2044 371 2108 Illius
394 2052 428 2108 et
449 2043 563 2108 laudes
588 2065 659 2109 oum
682 2044 845 2109 caelicolis
866 2062 1048 2124 resonares,

279 2129 402 2195 Addita
424 2131 577 2215 virgineis
599 2132 711 2195 mortis
733 2137 808 2217 post
829 2130 958 2194 vincula
978 2129 1107 2195 turmis:

279 2215 323 2280 Et
345 2224 381 2281 tu
402 2218 514 2282 lasciui
536 2217 689 2282 fervescis
712 2237 823 2282 amore
845 2216 984 2282 famelli!

279 2303 325 2367 At
346 2325 431 2369 nuno
453 2304 621 2384 submissa,
646 2302 776 2367 soboles
797 2322 882 2383 msa,
904 2321 986 2368 voca
1008 2301 1146 2387 rogabo,

278 2388 395 2454 Finem
417 2391 572 2455 stultitiae
595 2410 715 2477 pergas
736 2397 773 2453 ut
794 2387 934 2454 reddere
956 2393 1079 2470 tantae,

278 2474 329 2540 Ne
351 2497 455 2563 genus
478 2497 573 2541 omne
596 2484 687 2541 tuum
709 2477 795 2540 mala
818 2474 996 2540 confundas
1019 2493 1224 2560 generosum

279 2560 314 2625 Si
336 2569 447 2627 tamen
469 2564 600 2648 incepto
623 2569 765 2649 temptas
788 2562 903 2627 durare
926 2561 1082 2647 maligno,

280 2648 307 2713 Τ
368 2650 432 2713 iter
454 2650 577 2735 absque
601 2669 693 2713 mora
715 2649 832 2735 peries,
855 2647 1040 2713 dulcissima
1084 2645 1201 2712 relos?

308 2669 431 2808 wi{usse
453 2756 539 2815 nam,
563 2736 730 2800 eonsilium
753 2736 883 2822 penitus
906 2754 1046 2819 spernan
1071 2754 1090 2799 o
1112 2740 1264 2820 paternus

279 2821 382 2886 Vultu
402 2821 546 2887 mordaci
568 2823 698 2908 proprio
722 2821 804 2886 dixit
824 2821 977 2907 genitori:

280 2906 327 2971 ‘Si
349 2908 514 2991 complere
536 2930 646 2973 meum
668 2908 812 2973 tardabis
835 2907 974 2993 denique
997 2912 1121 2983 votum,

281 2992 470 3080 Comperies
492 3016 600 3059 earam
623 2995 715 3060 eitius
738 2995 864 3081 prolem
886 2992 1100 3060 morituram?

281 3081 372 3145 Tune
394 3081 511 3161 senior,
537 3103 600 3146 non
623 3088 748 3167 sponte,
771 3081 865 3145 minis
888 3080 1035 3146 devictus
1057 3078 1185 3161 amaris

281 3166 475 3232 Tradiderat
497 3168 619 3233 sobolis
643 3189 737 3233 seruo
761 3168 922 3232 consortia
944 3166 1056 3243 dulcis,

280 3251 476 3318 condonans
498 3255 743 3319 substantiolam
766 3255 889 3356 pariter
909 3254 1086 3341 pretiosam

278 3339 295 3403 Ι
319 3341 377 3414 sis;
401 3340 476 3406 hino
499 3343 606 3406 animo
628 3347 725 3405 natae
749 3340 880 3405 droebat
901 3360 1028 3406 amaro:

278 3361 409 3491 ε1111111111
431 3449 496 3493 non
519 3429 621 3493 felicis
644 3435 679 3492 tu
701 3435 779 3491 nata
801 3428 955 3512 parentis,

280 3513 331 3578 Tu
354 3513 453 3578 decus
476 3521 574 3600 atque
599 3514 690 3579 dolor
711 3515 823 3578 matris
845 3520 949 3578 temet
970 3512 1137 3599 parientis,

281 3599 395 3665 Totius
418 3608 452 3665 et
473 3603 574 3666 nostri
597 3601 727 3685 generis
750 3600 894 3666 oonfirsio
918 3600 1030 3751 turgis,

280 3685 458 3771 Congaude
481 3689 546 3751 iam
569 3708 653 3752 nuno
675 3708 768 3752 servo
792 3687 930 3752 miserae
952 3693 977 3750 t1
1000 3687 1012 3751 i
1034 3705 1124 3750 earo:

281 3771 324 3837 Et
347 3782 420 3858 post
442 3774 583 3839 aeternis
606 3775 720 3860 poenis
743 3794 893 3838 maerens
916 3770 1082 3859 capieris?

325 3859 397 3923 Tali
421 3862 569 3946 coniugio
592 3860 734 3925 Satanae
758 3883 830 3925 oum
853 3858 967 3924 fraude
988 3864 1136 3946 peracto,

282 3942 456 4011 Condoluit
478 3945 624 4012 Christus
647 3946 757 4011 mundi
780 3948 922 4011 salvator
945 3944 1110 4027 amandus,

283 4028 372 4102 Quos
393 4033 465 4118 pius
489 4034 591 4098 effusa
614 4034 751 4099 salvavit
773 4033 937 4119 sanguinis
959 4032 1056 4113 unda,

280 4115 393 4181 Hostis
416 4119 476 4184 sub
501 4120 560 4184 diri
583 4121 694 4185 vinclis
717 4128 831 4208 captos
853 4119 1001 4193 retinam

259 4358 312 4411 110
327 4376 418 4411 amans
436 4358 495 4421 (sic)
513 4360 546 4410 J!
615 4361 662 4411 111
685 4363 780 4429 pateris
798 4361 834 4413 sis
851 4362 885 4413 M
952 4359 1003 4414 123
1028 4363 1092 4428 sort.
1109 4360 1139 4412 in
1155 4358 1264 4441 000de

173 4428 241 4495 Αφι.
256 4431 330 4495 240);
351 4431 513 4495 praepositio
539 4430 608 4481 abest
635 4448 686 4482 osc.
700 4436 748 4482 149
835 4430 885 4482 128
911 4432 1009 4483 alaram
1037 4430 1079 4482 li:
1105 4445 1218 4489 m}
1237 4445 1264 4482 ss

172 4498 293 4549 nobilitas
312 4501 413 4564 generis
437 4508 649 4550 commmoratur
672 4519 695 4551 o.
710 4504 758 4551 123
779 4510 804 4552 st
823 4519 846 4551 u.
859 4503 908 4553 136
1002 4497 1052 4552 136
1075 4500 1184 4553 misens
1244 4498 1251 4513 '

173 4568 292 4618 miserere
310 4568 361 4633 ll‘,
381 4570 472 4620 misera
490 4569 550 4635 ll¹p
569 4569 631 4633 (ey.)
691 4596 695 4604 ·
726 4568 773 4621 137
791 4570 853 4636 sort.
872 4572 920 4631 Aa·
934 4578 1012 4635 pater
1028 4586 1083 4621 nou
1099 4513 1264 4622 00quAE

174 4636 285 4701 loquitur
303 4635 348 4691 (=
359 4637 391 4687 ‘si
409 4639 546 4703 rengarius
564 4640 623 4701 eris,
637 4634 785 4704 punieris),
804 4639 849 4690 sed
866 4656 924 4691 vera
937 4638 1062 4706 permitat
1132 4637 1180 4690 lll
1197 4636 1264 4689 durii

263 4822 312 4875 118
324 4825 358 4887 cf.
371 4825 443 4876 liar.
454 4832 500 4885 sslf
507 4839 559 4891 pro
571 4828 660 4879 mortis
674 4827 810 4880 dicendum
822 4836 880 4879 erat
890 4827 982 4879 muris.
1048 4823 1097 4879 134
1109 4821 1144 4891 cf.
1156 4824 1217 4891 Sep·
1228 4823 1264 4887 71
