2910 5024
543 331 568 386 ll
587 334 611 388 a
629 330 776 401 Sapientia.
1174 335 1224 391 189

177 503 356 570 Sseiuurm.
410 503 603 590 Expectata,
635 507 639 588 Ι
670 503 774 570 donec
806 507 904 570 instet
938 506 1018 570 hora
1049 509 1227 574 vocationis

132 593 285 744 wfflg,
323 675 452 743 Taedet
466 697 525 741 nos
539 697 717 753 morarum3
737 677 743 761 Ι
762 684 873 744 tamen
889 686 939 745 ast
954 679 1204 768 expectandum.
1222 680 1226 767 Ι

176 934 348 1000 Annianus.
392 934 569 1013 Antioche,
598 934 674 1001 iube
703 936 775 1000 illas
796 935 928 1001 Italicas
948 941 953 1018 Ι
971 937 1066 1002 nobis
1091 958 1225 1026 reprae-

131 1022 214 1087 utari
235 1021 389 1107 captivas.
409 1021 414 1101 Ι
1257 1051 1271 1090 s

178 1106 371 1172 Anrrocuos.
415 1105 571 1189 Procede,
595 1106 772 1195 Sapientia,
792 1111 797 1191 Ι
817 1114 914 1194 teque
931 1131 1003 1175 oum
1017 1109 1145 1174 filiabus
1165 1110 1226 1174 im-

131 1196 236 1258 ratori
258 1199 476 1278 repraesenta
497 1194 502 1276 Ι

179 1280 356 1344 Ssroenrm.
400 1278 534 1364 Pargite
549 1299 687 1360 mecum,
710 1280 806 1360 filiae,
830 1288 1015 1346 constanter
1034 1283 1038 1364 Ι
1059 1287 1093 1347 et
1114 1301 1227 1368 perse·

130 1371 205 1518 lsputa
238 1366 273 1532 ἰιῖ
305 1363 369 1429 tide
401 1366 604 1447 unanimiter,
624 1371 629 1446 Ι
648 1372 685 1430 ut
717 1368 848 1453 possitis
881 1369 1023 1455 palmam
1056 1369 1226 1455 percipere

139 1453 243 1518 'citer.
1246 1479 1273 1520 io

180 1537 271 1603 Sene.
310 1537 489 1622 Pargimus‚
504 1537 640 1623 ipseque
655 1537 822 1603 nobiscum
838 1542 1019 1620 comitetur,
1038 1538 1044 1623 Ι
1063 1559 1122 1626 pro
1138 1539 1227 1604 cuius

130 1644 206 1691 nore
228 1623 270 1688 ad
292 1630 430 1688 mortem
455 1623 616 1689 ducemur.
636 1627 642 1704 Ι

178 1710 350 1776 ⁴Misimus.
395 1709 575 1774 Triduunas
600 1711 692 1774 vobis
718 1709 863 1774 inducias
887 1711 893 1793 Ι
915 1711 1105 1797 praestabat
1126 1711 1228 1775 nostri

130 1798 267 1950 penitam
287 1805 292 1876 Ι
311 1796 410 1877 undo,
432 1798 459 1861 si
482 1796 560 1882 quid
582 1797 765 1862 tractaretis
779 1796 936 1880 utilitatis,
956 1803 961 1878 Ι
982 1797 1089 1873 cedite
1111 1798 1227 1862 iussio·

146 1904 189 1949 us
210 1884 340 1948 nostris.
1246 1911 1271 1950 a

180 1884 365 2034 Sarranum.'
396 1968 563 2033 Summum
578 1967 676 2053 igitur
690 1968 770 2032 utile
787 1970 1001 2050 tractavimus,
1022 1968 1027 2051 Ι
1046 1968 1080 2034 id
1095 1969 1229 2050 scilicet,

149 2076 217 2121 non
240 2053 402 2120 cedamus.
423 2056 428 2137 Ι

178 2141 373 2207 Amoenus,
427 2139 493 2204 Our
525 2138 666 2223 dignaris
699 2159 771 2204 cum
807 2140 868 2205 hac
902 2148 1092 2207 contumace
1128 2140 1229 2205 verba

129 2229 243 2310 iacere,
263 2228 268 2311 Ι
288 2247 371 2313 quaa
394 2233 427 2290 te
450 2225 599 2290 insolenti
621 2226 739 2310 fatigat
760 2229 1044 2314 praesumptione?
1065 2231 1070 2306 Ι

182 2316 350 2379 Annianus.
394 2312 554 2377 Debeone
577 2312 667 2376 illam
690 2311 851 2379 dimittere
873 2315 1098 2400 inpunitam‘ll
1245 2338 1274 2379 ao

179 2399 369 2465 Amoenus.
413 2398 662 2485 Nequaquam!

178 2485 349 2551 Annianus
393 2484 557 2570 Ecquid?

178 2571 372 2637 Asssocms.
408 2570 549 2635 Hortare
565 2570 725 2657 puellulas
739 2567 743 2655 Ι
758 2574 801 2650 et,
826 2571 852 2633 si
867 2573 1057 2649 renitantur,
1073 2570 1229 2634 infantiae

129 2681 135 2721 ι
157 2678 284 2745 parcas,
304 2658 308 2740 Ι
328 2656 386 2722 sad
408 2659 475 2737 iao,
504 2664 541 2721 ut
569 2657 645 2721 illae
668 2663 834 2737 necentur,
854 2660 859 2740 Ι
880 2679 943 2744 quo
970 2656 1101 2722 rebellis
1124 2661 1230 2721 mater

129 2745 263 2811 neribus
284 2750 432 2808 natarum
454 2745 558 2809 acrius
580 2750 778 2828 torqueatur.
799 2743 804 2827 Ι
1247 2767 1272 2807 ss

184 2832 354 2898 dustanus.
398 2831 541 2910 Faciam,
564 2850 648 2915 quae
671 2829 844 2903 hortaris!

184 2920 378 2982 Amrocsus.
421 2917 474 2980 Ita
495 2916 624 2981 demum
647 2916 888 3000 praevalebis!

182 3004 353 3067 Arsanus.
397 3002 506 3083 Fides,
528 3004 654 3067 intuere
678 3001 897 3067 venerabilem
918 3001 923 3085 Ι
943 3021 1081 3085 magnae
1104 2999 1230 3064 Dianae

128 3091 272 3175 raffl'nem
292 3087 297 3171 Ι
317 3095 351 3153 et
372 3089 422 3153 ier
443 3110 554 3155 sacrae
578 3088 660 3153 deae
676 3088 840 3167 libamina,
861 3091 866 3170 Ι
886 3109 949 3174 quo
966 3088 1068 3173 possis
1091 3087 1139 3151 uti
1162 3087 1231 3150 eius

128 3178 238 3255 retia!
1248 3189 1274 3229 ω

182 3261 289 3326 Frons.
334 3259 362 3326 Ο
392 3262 524 3326 stultum
545 3261 749 3347 imperatoris
772 3265 992 3345 praeceptum,
1013 3258 1017 3342 Ι
1038 3259 1124 3323 omni
1152 3278 1230 3322 con-

128 3355 224 3434 mptu
246 3346 422 3432 dignumll

181 3435 351 3500 Absumus.
398 3432 484 3507 Quid
506 3454 685 3497 murmuras
707 3431 957 3497 subsannando?
977 3431 982 3515 Ι
1002 3451 1097 3517 quem
1113 3429 1229 3495 irrides

127 3528 200 3586 outa
224 3526 364 3605 rugoso?
384 3521 389 3599 Ι
1248 3544 1274 3584 u

180 3607 288 3674 Fines.
320 3606 382 3670 Tui
397 3606 563 3669 stultitiam
579 3605 707 3684 irrideo,
722 3607 725 3688 Ι
741 3606 787 3668 tui
802 3604 1018 3689 insipientiam
1034 3603 1205 3668 subsanno.
1220 3600 1224 3686 Ι
1244 3618 1292 3687 fol.
1308 3622 1377 3670 124¹

180 3694 351 3758 Anmsuus.
396 3691 506 3774 Metal

178 3779 286 3845 Froas
333 3778 430 3852 Tui}

178 3867 375 3931 amoenus.
419 3865 652 3949 imperatoris?

176 4074 312 4127 attalicas
321 4091 353 4138 p:
364 4073 485 4139 graculus
497 4073 525 4123 ia
537 4089 591 4122 ras.
605 4072 680 4123 Celtic
691 4088 774 4121 mana
786 4071 818 4121 l!
870 4068 903 4121 18
915 4071 982 4122 hanc
995 4069 1038 4119 Μ’
1089 4066 1124 4120 34
1136 4086 1232 4137 rugosa

127 4167 135 4198 ι
150 4144 270 4202 conexit
287 4143 324 4208 cs.
343 4142 424 4207 Oeno.
437 4146 485 4193 265
504 4141 591 4206 (add.)
608 4150 632 4191 et
649 4140 706 4192 Pel.
720 4144 768 4192 236

174 4314 250 4381 des.
269 4315 348 4367 Date.
363 4319 391 4365 11
408 4314 458 4377 §a
546 4311 579 4365 14
597 4315 631 4381 cf.
651 4313 745 4379 Sap.3
761 4313 827 4376 §24-
916 4309 951 4365 35
969 4313 1004 4380 cf.
1022 4310 1125 4365 Ducat
1141 4312 1195 4375 §a
