2910 5024
556 345 610 399 11.
631 343 733 399 Murio.

183 521 257 586 Hoc
280 526 313 584 te
336 520 433 601 ferre,
455 517 537 582 meis
559 519 681 602 satagis
703 517 790 602 quod
811 537 933 604 ponere
956 516 1098 582 mensis.²

188 607 251 682 Qui
274 608 355 670 citus
379 605 562 669 anniculum
585 605 740 689 gregibus
762 604 969 668 subtraxerat
991 625 1121 689 agnum,

188 697 330 780 Sperans
355 693 563 776 obprobrium
584 691 703 754 Ruben
726 711 869 755 cessasse
893 697 1064 770 vetustum,
1214 703 1307 771 fotor

188 781 342 846 lmmolat
365 785 400 843 et
422 778 551 842 domino
574 779 705 862 gavisus
726 785 858 863 pectore
881 779 979 861 laeto,

185 868 320 953 Ignibus
344 866 510 950 appositis,
533 870 569 928 ut
590 864 692 928 habet
713 865 900 950 praeceptio
923 865 1017 950 legis.

185 956 343 1040 Angelus,
366 952 416 1016 his
437 953 531 1033 votis,
553 957 589 1014 ut
610 953 712 1031 iussit,
733 953 794 1016 rite
817 953 968 1037 peractis,

186 1043 308 1106 Altaris
330 1040 419 1103 fumo
443 1039 588 1103 sublatus
610 1039 718 1123 pergit
741 1038 783 1102 ad
806 1044 901 1102 astra.

231 1128 300 1191 Iam
325 1135 401 1190 tuno
423 1126 590 1189 elementis
613 1125 771 1209 paulatim
794 1126 898 1210 gratia
920 1123 1020 1209 patris

188 1215 336 1300 Incoepit
358 1212 456 1277 radiis
477 1211 597 1275 mundo
621 1213 783 1276 incessere
808 1213 900 1276 claris

188 1304 300 1387 Atque
323 1301 411 1386 prior
433 1299 581 1363 stabilem
606 1298 766 1363 discordia
789 1318 916 1362 sumere
939 1297 1048 1378 linem,

190 1388 273 1453 Cum
296 1408 354 1450 sua
377 1387 537 1450 caelestes
559 1386 697 1470 primum
720 1386 881 1449 consortia
904 1385 990 1449 ciras

188 1475 276 1539 Olim
300 1473 479 1558 terrigenas
501 1473 735 1558 promittebant
757 1473 934 1553 habituros,

191 1561 282 1634 Quos
304 1561 391 1646 prius
417 1580 436 1622 e
458 1560 581 1623 meritis
603 1559 712 1623 Adam
735 1579 888 1644 sprevere
911 1556 1064 1645 parentis.

189 1648 260 1713 Nee
282 1647 377 1711 latuit
400 1653 476 1710 tunc
498 1645 681 1731 angelicum
704 1647 877 1711 clementia
900 1651 1029 1710 coetrrm

190 1735 398 1820 Omnipatris,
421 1734 586 1818 proprium
609 1735 663 1819 qui
686 1754 764 1796 mox
786 1740 861 1819 post
884 1740 1032 1817 tempora
1053 1733 1164 1792 natum

191 1822 322 1886 Mittere
347 1822 527 1905 virgineum
550 1821 705 1884 miserans
729 1820 870 1904 disponit
891 1820 924 1883 in
947 1820 1064 1897 alvum,

190 1908 246 1990 Ut,
268 1909 336 1972 sine
359 1908 514 1992 principio
538 1913 632 1970 natus
656 1906 696 1971 de
718 1914 812 1991 patre
836 1926 998 1992 supremo,

191 1995 330 2060 Carnem
352 1994 497 2078 virgineo
522 1993 580 2057 sub
605 1999 751 2079 tempore
776 2000 920 2058 sumeret
941 1995 1014 2058 alvo

193 2083 315 2148 Omnes
339 2087 436 2166 atque
460 2101 517 2143 suo
541 2081 682 2145 salvaret
704 2081 861 2165 sanguine
883 2100 986 2159 sacro,

190 2169 242 2234 Ne
264 2168 441 2254 posthaec
463 2168 592 2252 generis
614 2168 745 2232 humani
767 2167 901 2232 callidus
923 2167 1024 2231 hostis

195 2255 361 2320 Gauderet
383 2253 538 2318 mundum
560 2255 686 2339 laqueis
707 2254 847 2318 retinere
870 2254 1027 2339 malignis,

193 2342 260 2407 Sed
281 2343 382 2428 patris
406 2348 439 2405 et
461 2342 537 2415 nati,
561 2361 680 2405 numen
704 2361 832 2427 quoque
855 2342 1037 2426 pneumatis
1060 2344 1147 2426 almi,

193 2430 335 2515 Aequali
356 2429 460 2492 forma
481 2427 607 2512 pollens
630 2429 688 2492 sub
711 2430 840 2492 nomine
863 2429 946 2492 trino

198 2516 374 2581 Finetenus
397 2514 546 2578 stabilem
569 2523 721 2598 regnaret
742 2517 811 2580 iure
834 2536 893 2600 per
915 2515 1037 2580 orbem.

238 2604 384 2688 Angelus
407 2602 600 2685 astrigerum
622 2610 794 2687 postquam
818 2601 1016 2666 transcendit
1030 2604 1207 2689 olympum,

195 2690 261 2753 vix
284 2690 410 2775 patiens
432 2688 577 2752 Ioachim
600 2694 710 2753 tantae
734 2689 907 2774 praeconia
928 2710 1046 2754 causae

194 2776 236 2840 Et
258 2784 362 2841 tactus
384 2775 489 2839 iaculo
513 2776 644 2839 terroris
669 2775 808 2860 denique
832 2796 960 2860 magno,
1222 2780 1271 2847 sot.
1287 2780 1324 2829 av

197 2863 324 2927 Stratus
345 2862 491 2947 adusque
515 2862 618 2925 solum
642 2862 717 2927 doni
739 2864 857 2927 virtute
880 2864 1010 2949 superni

199 2948 394 3014 Pertimidus
416 2949 513 3012 iacuit
534 2969 660 3013 necnon
682 2951 751 3013 sine
774 2956 883 3014 mente
908 2951 1031 3036 quievit

197 3037 302 3122 Ipsius
328 3037 371 3121 (a)
397 3041 501 3117 sexta,
524 3037 557 3099 ni
579 3036 683 3119 fallor,
706 3037 789 3101 forte
813 3036 888 3116 diei,

198 3123 284 3187 Dum
307 3124 481 3208 solusque
505 3143 597 3186 suum
622 3123 777 3187 conclusit
799 3143 935 3209 vespere
959 3143 1096 3186 cursum.

239 3209 370 3274 Interea
391 3209 484 3294 pueri
506 3217 664 3274 venerunt
687 3232 759 3275 cum
782 3231 883 3296 grege
905 3210 991 3290 lassi,

198 3296 344 3382 Cumque
367 3317 460 3361 suum
484 3295 648 3360 dominum
672 3304 758 3361 terra
781 3297 891 3362 ridere
912 3299 1065 3376 locatum,

199 3383 384 3448 Comminus
406 3383 572 3447 adstantes
594 3391 773 3469 coeperunt
794 3384 918 3449 discere
942 3383 1049 3447 tristes

197 3469 337 3535 Causam
360 3471 491 3534 terroris
514 3470 643 3534 turbata
666 3478 776 3535 mente
799 3472 952 3544 recentis3

198 3557 310 3644 lpsum
333 3564 480 3642 percerte
504 3556 562 3620 sed
584 3558 639 3621 vix
661 3565 798 3642 potuere
821 3559 940 3623 levare.

198 3642 276 3717 Quis
299 3665 370 3708 cum
395 3644 545 3708 caelestis
568 3651 731 3709 narrasset
753 3646 864 3709 nuntia
887 3646 974 3726 civis,

175 3834 228 3887 220
239 3836 353 3888 salueret
364 3837 408 3893 ll:
419 3840 453 3902 cs.
468 3837 522 3887 ind.
533 3855 643 3902 pronun.
708 3836 758 3888 2⁸24
770 3838 869 3903 pollens
881 3837 910 3900 (o
921 3853 953 3887 aa
964 3836 1044 3898 corr.)
1056 3834 1094 3898 M,
1107 3815 1196 3900 pdlens
1203 3852 1225 3899 p

129 3904 142 3955 Β
161 3906 243 3957 iacolo
262 3905 295 3954 M
297 3907 304 3936 ¹
392 3905 440 3957 231
461 3924 477 3956 a
496 3907 589 3957 addidi
606 3924 637 3956 eor
655 3906 833 3958 Ps.-Matt]s.3
850 3908 883 3957 ab
902 3907 966 3956 hora
984 3905 1033 3956 diei
1051 3912 1125 3955 sexta
1143 3920 1225 3969 usque

148 3992 281 4042 vesperam
304 3976 383 4026 iacuit
469 3974 521 4026 ⁴234
546 3984 613 4026 terra
637 3976 741 4040 scripti:
764 3984 818 4027 tota
842 3976 872 4026 M
894 3975 1015 4042 (pronum
1041 3973 1135 4034 Oeltm
1161 3970 1226 4025 ‘tota

144 4042 222 4095 terru’
239 4045 397 4110 aptiorem
415 4045 532 4110 Barack)

176 4216 229 4270 203
255 4216 416 4269 ivs-naas.
438 4221 454 4268 3
481 4224 544 4267 tunc
570 4217 683 4268 Ioachim
712 4219 811 4284 accepit
832 4233 929 4283 agnum
952 4215 1162 4279 immaculatum
1191 4216 1226 4281 ef.

129 4287 165 4338 od.
178 4290 245 4350 126
262 4286 296 4350 (a.
309 4291 358 4338 206
375 4288 521 4353 praeceptio
539 4285 616 4352 legis)
631 4287 679 4338 erit
696 4295 782 4338 autem
800 4303 885 4354 agnus
896 4287 994 4351 absque
1012 4285 1116 4337 macula
1128 4300 1227 4336 mareu·

129 4356 298 4409 sannicnlus.
386 4353 436 4407 229
454 4353 489 4419 cs.
508 4355 626 4407 Mna-39.
713 4353 765 4408 236
782 4353 814 4420 cf.
835 4355 906 4409 Mur.
923 4359 974 4408 713.
