2910 5024
552 339 609 394 11.
626 336 729 394 Maria.

222 511 288 576 Hic
311 511 409 576 heros
431 512 562 592 etenim,
586 511 626 576 de
650 531 714 597 quo
736 511 886 594 narrabo,
909 512 1064 593 Ioachim,

180 598 252 663 Tali
275 605 424 684 percerte
448 599 527 662 felix
549 598 731 684 patriarcha
753 606 884 684 nepote,

179 684 263 750 Toto
287 705 322 749 se
345 684 482 771 placidis
505 705 622 749 ornans
645 685 812 749 conamine
836 685 940 767 lactis,

179 770 342 857 Quicquid
363 771 518 857 possedit,
541 792 600 857 per
622 779 687 835 tres
710 779 820 857 partes
842 772 1012 854 reseoerit,

179 859 313 923 Partem
337 857 416 922 dans
440 857 544 922 viduis
567 859 745 945 peregrinis
768 864 865 943 atque
889 858 1019 944 pupillis

179 945 327 1032 Saepius,
350 946 527 1030 intemplo
550 953 677 1031 partem
700 944 929 1009 famulantibus
953 965 1042 1032 ergo,

182 1032 443 1116 Particulamque
466 1053 544 1096 suae
569 1031 677 1096 domui
699 1039 887 1097 servaverat
910 1034 1005 1098 omni.

178 1118 251 1184 Hoc
274 1140 403 1205 quoque
426 1140 490 1183 non
513 1139 586 1183 raro
609 1120 731 1183 faciens
754 1120 877 1205 pietate
900 1118 1053 1205 benigna,

181 1205 287 1291 Digne
310 1205 495 1270 mercedem
518 1207 660 1293 suscepit
683 1205 822 1292 denique
845 1206 954 1287 talem,

181 1292 224 1355 Ut
246 1294 378 1379 propria
401 1293 613 1358 substantiola
633 1292 718 1357 bene
742 1292 955 1378 multiplicata

181 1380 193 1442 l
218 1381 283 1443 sius
305 1380 411 1465 gentis
434 1400 586 1466 proceres
607 1379 824 1466 praecelleret
845 1400 956 1445 omnes

211 1486 248 1530 eo
271 1466 333 1531 sibi
356 1467 554 1531 consimilem
577 1472 724 1552 portaret
746 1473 833 1531 terra
855 1472 1034 1552 potentem,

182 1551 284 1626 Quem
308 1555 353 1618 sio
375 1561 561 1619 cunctarum
584 1554 711 1619 fulciret
734 1574 771 1619 oo
795 1555 827 1618 ia
848 1574 966 1618 rerum.

220 1639 382 1714 Quattuor
402 1640 454 1705 hic
477 1649 565 1706 certe
589 1662 661 1705 oum
683 1643 748 1705 iam
770 1575 907 1705 feliciter
929 1641 999 1727 ipse

180 1725 336 1792 Volneret
357 1729 390 1791 in
412 1749 538 1792 summa
560 1729 687 1793 fortrma
710 1728 811 1792 lustra
832 1733 949 1808 rotata,

180 1811 280 1878 Vultu
302 1815 550 1901 praepulchram
572 1814 632 1880 sibi
656 1815 864 1901 desponsavit
886 1815 1021 1879 amicam

177 1899 313 1965 Necnon
335 1902 549 1987 praenitidam
571 1902 741 1967 laudandis
762 1901 916 1984 moribus,
938 1901 1078 1984 Annam,

177 1988 313 2052 Acharis
335 1995 456 2071 natam,
479 1988 586 2054 David
609 1989 650 2053 de
673 1990 772 2075 stirpe
795 1996 948 2071 creatam,

176 2073 325 2139 Foedere
349 2075 448 2160 legali
471 2077 602 2162 proprio
626 2096 721 2162 quam
745 2076 866 2140 iuncxit
886 2076 999 2141 amori.

178 2160 273 2226 Hanc
296 2168 406 2226 autem
429 2168 621 2242 memorant,
644 2163 789 2227 sterilem
811 2183 875 2226 non
898 2169 1047 2249 tempore
1070 2182 1181 2248 parvo,

177 2247 199 2311 S
224 2268 276 2313 em
299 2256 411 2334 partus
434 2248 555 2314 homini
576 2250 697 2313 nullam
720 2249 867 2314 conferre
889 2247 985 2315 fideli.
1201 2259 1297 2329 fotor

211 2336 341 2419 andem,
365 2335 499 2420 digestis
521 2337 570 2400 bis
593 2335 684 2400 denis
707 2336 830 2401 scilicet
853 2337 953 2419 annis,

178 2422 332 2507 Contigit,
356 2423 389 2485 in
412 2425 533 2510 templo
556 2422 700 2487 Ioachim
724 2423 784 2487 sub
807 2428 955 2508 tompore
978 2423 1062 2487 festo

178 2507 270 2573 Inter
293 2516 435 2573 sacratos
458 2510 568 2574 altaris
591 2518 677 2574 stare
699 2511 872 2590 ministros,

176 2595 348 2659 Incensum
372 2596 460 2681 digni
482 2597 610 2661 fuerant
633 2598 687 2682 qui
710 2617 831 2682 ponere
853 2597 923 2660 uisi.

178 2682 284 2755 Quem
308 2682 426 2747 Ruben
449 2685 562 2770 templi
586 2684 662 2749 dum
685 2683 764 2748 vidit
787 2683 893 2748 scriba
915 2682 1044 2763 sacrati,

179 2767 307 2834 Exosus
330 2770 460 2852 lactum,
485 2770 577 2835 dictis
600 2770 718 2835 ellatur
739 2771 872 2835 amaris:

176 2854 261 2920 ‘Non
283 2856 360 2920 licet
381 2858 559 2922 incensum'
582 2857 664 2922 dixit
684 2856 727 2921 ‘to
751 2864 886 2943 tangere
909 2860 1065 2935 sanctum,

179 2940 316 3006 Munera
338 2964 398 3008 nec
422 2943 551 3009 domino
597 2951 721 3009 raestat
744 2944 822 3009 dare
846 2941 1066 3021 sacrificando,

181 3027 228 3094 'Pe
252 3032 328 3116 quia
351 3030 510 3117 despexit,
534 2967 655 3096 sogolla
679 3053 751 3097 oum
775 3031 861 3096 dona
882 3028 1038 3115 negavit?

154 3289 188 3340 δῖ
211 3300 296 3356 patres
321 3291 362 3340 Μι
470 3291 504 3343 68
536 3293 628 3359 puellis
652 3293 695 3344 M:
718 3293 820 3345 correoei
848 3309 879 3343 es
910 3290 1098 3342 Ps-Maoar
1125 3306 1203 3341 unnm

129 3375 168 3409 sm
186 3361 264 3412 dabat
276 3362 370 3423 viduis,
389 3362 519 3428 orphanis,
538 3364 680 3429 peregrinis
692 3373 771 3428 atque
800 3362 941 3429 suparibus
959 3361 1018 3412 coll.
1035 3358 1207 3425 Tkeopd.22,·

129 3429 176 3480 nd.
193 3439 264 3480 uaso.
344 3429 378 3481 73
395 3432 566 3483 substantiala
584 3432 658 3498 M¹p²
728 3431 763 3484 78
781 3380 800 3482 f
811 3433 913 3483 uiueret
929 3446 962 3481 u.
981 3430 1039 3490 M²,·
1056 3430 1091 3495 cs.
1109 3428 1207 3481 Petra

129 3507 212 3551 strata
231 3507 313 3551 rotata
331 3499 373 3549 Μ’
470 3500 504 3551 79
528 3502 681 3568 ppulchram
699 3502 736 3553 sir
754 3502 787 3552 M
803 3500 851 3563 (ric
867 3504 937 3553 ado
954 3499 1149 3566 praenitidam,-
1171 3500 1206 3564 cf.

139 3570 208 3618 verb.
290 3567 323 3620 81
342 3570 451 3621 Acharis
470 3570 573 3622 Secede
587 3590 616 3637 p.
630 3571 688 3622 11¹²
708 3570 743 3633 (A
760 3572 847 3622 charis
864 3569 924 3636 ug),
941 3585 1021 3634 neqroe
1037 3585 1097 3620 uero
1114 3584 1207 3619 nomen

128 3646 192 3687 nrm:
213 3639 261 3689 iste
273 3639 366 3700 Achar,
385 3641 430 3704 qui
448 3641 539 3691 Aulum
557 3641 703 3707 appellatur
721 3643 748 3692 in
766 3642 832 3692 libro
850 3641 910 3691 Iesu
927 3640 999 3690 Nava
1018 3637 1102 3689 Hroh.
1116 3635 1206 3688 um.

128 3725 168 3759 me
194 3707 261 3758 CIX
282 3707 362 3772 291⁸)
391 3718 415 3760 et
442 3709 478 3759 ric
504 3727 568 3761 ceno
594 3708 719 3776 cypriant
740 3710 847 3761 nacto-ico
870 3706 1003 3769 (Danaes-il
1027 3711 1093 3758 1841
1111 3726 1140 3772 p.
1155 3708 1208 3772 99),

128 3777 201 3827 aonia
218 3779 328 3842 epistola
345 3777 382 3828 ad
400 3776 542 3844 Aaps'emsr
564 3779 848 3842 (Moritur-Duram,
865 3779 924 3831 coll.
948 3777 1028 3843 ampl.
1050 3776 1069 3825 J
1083 3777 1155 3840 302),
1172 3779 1207 3842 cs.

128 3863 142 3895 n
167 3845 269 3897 stoebe
291 3846 322 3897 P.
336 3845 364 3898 0.
383 3856 441 3898 tom.
455 3848 509 3898 Ill
518 3868 547 3915 p.
558 3852 607 3901 638
676 3846 891 3914 821unxirM¹p
960 3844 995 3898 83
1011 3843 1159 3913 slslstsrilsm
1178 3845 1212 3895 M

128 3917 220 3967 rabolis
238 3915 300 3980 w,·
316 3917 375 3968 itera
392 3936 414 3968 o.
428 3921 479 3969 168

150 4138 186 4191 68
209 4142 245 4205 cf.
270 4139 384 4204 Tasopa
395 4142 426 4190 22
438 4155 474 4204 aq.
570 4136 602 4190 71
622 4156 674 4191 non
692 4155 764 4192 raro:
782 4137 969 4190 Praesta
986 4138 1051 4191 baso
1067 4146 1153 4191 sutem
1171 4140 1209 4190 in·

127 4211 171 4261 trit
194 4212 281 4260 tacere
306 4226 322 4260 a
345 4210 435 4274 quinto
458 4210 556 4260 decimo
578 4210 670 4260 astatis
694 4225 757 4260 suae
780 4225 858 4261 anno.
945 4205 980 4259 82
1001 4210 1036 4275 cs.
1060 4208 1209 4274 Ocnum,

127 4283 193 4342 207,
211 4279 276 4330 etr.
291 4282 307 4327 d
325 4276 375 4340 §6.
454 4276 489 4327 90
513 4281 547 4344 cf.
570 4275 1098 4344 Gony.541(Vsrq.Aca.X691dictis
1115 4278 1209 4330 sffstm

127 4351 185 4410 rin).
275 4344 310 4398 93
327 4347 362 4412 es.
380 4345 451 4397 Mor.
471 4351 525 4399 168.
