2910 5024
158 312 212 367 218
525 308 788 364 unousvfflrln
805 307 938 364 OPERA.

266 484 313 549 Ut
335 490 447 569 posset
469 503 605 567 regnum
630 482 726 567 digne
749 484 875 547 rexisse
898 482 1060 563 relictum,

157 596 199 636 oo
268 569 302 634 Si
325 590 406 655 gens
429 571 500 655 ipsa
523 567 633 633 dolum
656 590 735 633 mox
756 589 821 633 non
845 567 984 633 dictaret
1006 588 1164 634 amarum.

267 655 432 742 Denique,
456 655 620 737 defuncto,
645 676 742 741 quem
765 654 925 741 praedixi,
945 654 1136 735 illothario,

269 742 350 806 Pars
374 741 534 826 quaedam
550 742 655 827 plebis
671 742 786 821 luerat,
806 761 906 891 puae,
927 748 1017 807 retro
1031 742 1166 807 rebellis
1238 760 1287 809 (ιιι)

268 829 444 912 Menteque
468 848 623 913 perversa
645 828 783 913 propriis
829 828 945 892 ominis
967 828 1111 911 inimica,

267 916 424 979 Restituit
445 913 625 999 Beringarii
648 934 784 999 regnum
808 913 933 994 ditioni,

270 1000 377 1082 Quod,
399 1006 493 1086 patre
517 1000 680 1081 defuncto,
704 1007 833 1087 raptum
854 1001 1018 1065 violenter
1039 998 1083 1065 ab
1105 1000 1173 1082 illo,

269 1087 355 1154 Olim
379 1107 439 1172 per
460 1107 575 1150 manus
597 1087 685 1171 regis
707 1086 840 1151 devenit
861 1085 1023 1172 Hugonis.

273 1174 394 1259 Optato
418 1178 508 1237 certa
532 1173 585 1256 qui
608 1172 799 1237 sublimatus
821 1171 955 1254 honore,
1240 1188 1296 1239 (sm

271 1260 416 1344 Detegit,
439 1258 579 1323 invidiae
604 1258 756 1345 quicquid
778 1258 837 1323 sub
861 1266 996 1344 pectora
1019 1257 1104 1323 tristi

270 1345 391 1425 Gessit,
416 1344 493 1408 dum
515 1346 608 1429 regni
630 1344 762 1410 deflevit
785 1344 905 1409 damna
927 1344 1073 1431 paterni;

264 1432 423 1515 Felleque
446 1432 518 1515 plus
540 1432 624 1495 iusto
647 1431 752 1497 cordis
774 1452 948 1497 succensus
970 1449 1095 1509 amaro,

266 1517 365 1582 Fudit
387 1518 420 1581 in
442 1519 603 1581 insontem
626 1527 814 1583 concretum
859 1518 891 1582 ui
916 1537 958 1603 pa
981 1516 1140 1599 furorem,

269 1605 426 1669 Iniustam
449 1604 513 1667 vim
536 1605 669 1688 reginae
693 1605 815 1669 faciens
870 1538 1102 1681 'tlelheitlraa
1239 1618 1312 1683 (Ιιις

272 1690 364 1765 Quae
387 1710 528 1774 regnans
550 1690 596 1753 illi
619 1689 772 1754 damnum
794 1711 860 1755 non
882 1691 1007 1755 fecerat
1030 1690 1143 1753 ullum.

267 1777 338 1842 Nec
361 1777 465 1840 solum
488 1777 595 1840 celsae
619 1777 735 1841 solium
758 1777 820 1842 sibi
841 1776 979 1863 proripit
1000 1774 1115 1849 aulae;

268 1862 335 1928 Sed
358 1864 463 1939 simul,
487 1863 603 1927 aerarii
626 1863 773 1928 claustris
795 1864 865 1928 eius
886 1862 1052 1941 reseratis,

268 1948 385 2030 Omne,
409 1948 495 2034 quod
518 1950 649 2028 invenit7
673 1948 790 2013 dextra
813 1948 951 2014 tollebat
971 1968 1084 2029 arara,

266 2036 392 2099 Aurum
415 2055 487 2098 cum
508 2036 656 2119 gemmis,
671 2036 752 2100 varii
767 2036 897 2119 generis
940 2054 1051 2121 noque
1066 2034 1167 2121 gama,
1235 2050 1281 2101 οτι

267 2121 404 2187 Necnon
426 2121 546 2205 regalis
568 2130 689 2186 sertum
712 2122 905 2207 praenobile
976 2122 1057 2187 ntia:

268 2207 409 2274 Ornatus
432 2228 492 2271 nec
515 2208 706 2292 particulam
729 2207 895 2272 dimiserat
916 2207 1035 2282 ullam;

267 2294 338 2359 Nec
360 2295 466 2357 timuit
487 2294 624 2379 propriis
646 2294 736 2358 illam
758 2295 899 2380 spoliare
920 2294 1089 2377 ministris,

268 2380 443 2465 Obsequiis
467 2400 596 2465 quoque
618 2381 767 2465 personia
785 2380 952 2465 regalibus
972 2382 1071 2467 aptis,

264 2467 448 2552 Regalique
471 2473 644 2551 potentatu
668 2466 865 2549 (miserabile
889 2465 1009 2548 dictu);
1228 2478 1283 2533 (Μ’

264 2554 436 2617 Postremo
461 2572 589 2637 quoque
613 2552 772 2638 pergendi
794 2555 981 2639 pariterque
1003 2552 1168 2637 manendi,

267 2638 338 2713 Quo
359 2640 470 2720 vellet,
493 2639 680 2703 libertatem
703 2640 789 2703 male
812 2639 956 2724 denegat
977 2659 1122 2723 omnem,

265 2726 376 2789 Solam
400 2746 472 2790 cum
496 2726 565 2789 sola
589 2726 794 2790 committens
815 2746 957 2811 namque
978 2725 1092 2811 puella

266 2810 466 2876 Servandam
490 2810 617 2875 cuidam
642 2812 752 2876 comiti
773 2833 832 2876 sua
853 2814 943 2877 iussa
963 2814 1126 2899 sequenti.

265 2897 338 2977 Qui,
361 2899 455 2962 iussis
478 2906 591 2983 captus
613 2899 701 2982 regis
722 2919 787 2963 non
808 2900 894 2964 iusta
915 2896 1070 2979 iubentis,
1228 2904 1293 2965 (Μ

264 2984 340 3048 Non
362 2985 478 3048 metuit
499 2985 665 3070 propriam
688 2985 804 3085 culpae
827 2986 897 3050 sine
920 2986 1057 3051 crimine
1081 2984 1225 3052 domm

266 3068 416 3135 Clausam
440 3072 599 3135 carcereis
622 3072 769 3135 claustris
791 3091 923 3136 servare
945 3071 1072 3153 cubilis,

158 3180 196 3219 ιιο
261 3155 516 3222 Circumdiffusis
538 3156 707 3221 custodum
731 3157 871 3244 denique
894 3158 1020 3239 turmis,

267 3242 312 3308 Ut
334 3264 404 3308 mos
427 3264 583 3329 personas
605 3251 656 3307 est
678 3246 801 3309 serrari
823 3244 1014 3309 scelerosas.

265 3329 342 3411 Sed,
366 3331 420 3415 qui
443 3329 484 3393 de
510 3331 621 3394 vinclis
643 3329 779 3395 Petrum
802 3330 940 3396 tollebat
959 3328 1116 3413 Herodis,
1231 3336 1289 3393 (11)

264 3416 368 3498 Hanc,
393 3416 522 3501 quando
544 3417 656 3498 voluit,
679 3417 750 3481 miti
771 3417 895 3503 pietate
917 3416 1069 3483 redemit.

240 3673 294 3727 482
311 3676 442 3727 hluthario
459 3678 495 3727 aie
514 3676 544 3726 ill
611 3674 665 3729 486
682 3679 789 3730 deuenit
806 3677 896 3729 Perta:
915 3678 1022 3731 dederit
1034 3694 1065 3745 p,
1081 3678 1111 3745 m
1117 3676 1154 3745 1111
1168 3676 1202 3731 Ι
1211 3672 1271 3739 (fl

154 3761 258 3797 amm
278 3745 391 3803 oidcmrr
413 3746 448 3811 cs.
471 3745 584 3809 v.489)‚·
604 3742 650 3798 ‘rie
669 3748 755 3812 peden
776 3746 835 3799 den
856 3746 995 3815 Βικηςα
1015 3748 1068 3801 dar
1133 3748 1140 3762 ⁸
1189 3738 1268 3799 ΙΕ

154 3816 205 3866 dor
221 3814 292 3865 noch
309 3815 367 3865 dem
390 3814 459 3866 Tode
476 3816 557 3866 aanor
574 3814 665 3867 Vates-a
683 3815 722 3877 (d
735 3817 760 3868 l.
778 3818 860 3869 uinea
878 3816 1049 3871 Ommtm
1065 3816 1129 3871 Ba.
1141 3816 1183 3883 1),
1200 3814 1268 3867 b·

153 3885 199 3935 mit
216 3884 317 3936 Gemoll
335 3901 370 3933 on
389 3884 443 3935 siclt
458 3884 572 3949 perium
591 3885 671 3948 tara,
695 3904 743 3937 cor
760 3886 848 3939 Zeitrn
864 3885 913 3938 der
930 3884 1084 3955 Versltm
1100 3886 1186 3953 Μ
1198 3880 1271 3949 ΠΨ

154 3953 338 4021 heimpefallen
355 3949 435 4014 rcar’,·
453 3955 488 4019 es.
507 3954 566 4005 Zint
581 3971 609 4020 p.
619 3959 651 4006 18

240 4195 292 4248 485
310 4199 345 4257 es.
361 4201 474 4261 pestw.
544 4193 660 4261 49anq.
679 4198 715 4263 es.
735 4196 969 4263 &Rp-1904
1039 4184 1270 4266 Μψβω·

154 4262 206 4318 501
225 4267 260 4333 cf.
276 4276 338 4331 pert.
350 4270 405 4317 677.
493 4262 546 4316 512
564 4267 598 4330 cf.
618 4269 871 4332 act.op.12,30qq.
