2910 5024
531 379 772 452 namma
1164 387 1215 441 m

10 553 35 614 2
159 551 334 618 Annianus.
392 552 467 618 Hoc
497 553 556 617 tibi
586 554 788 638 potissimum
819 556 946 620 salubre
966 556 972 638 Ι
990 556 1133 643 mihique
1165 566 1215 624 est

67 637 258 741 placabile}
277 638 282 722 Ι
302 638 443 724 ideoque
467 639 541 704 leve
559 639 713 725 quiddam
735 641 793 705 tibi
815 663 981 728 praepono
1001 643 1006 727 Ι
1026 665 1120 709 meae
1144 647 1213 732 pie-

68 731 152 790 tatm
236 728 317 878 baris}
360 809 468 885 Quid?
1110 869 1116 882 ,

164 898 334 962 Annianus.
388 896 450 961 Dic
482 902 609 961 tautum
638 896 769 983 ‘magna
795 898 922 981 Diana’,
947 900 951 984 Ι
976 906 1010 965 et
1039 922 1102 988 ego
1129 903 1214 968 ultra
1245 926 1256 964 s

72 983 118 1048 ad
141 983 387 1048 saonficandum
410 989 443 1047 te
467 1004 532 1047 non
556 986 724 1135 compello.
745 987 751 1068 Ι

162 1069 315 1134 Knnrras.
360 1068 514 1134 Percerte
537 1090 602 1134 nou
647 1071 732 1155 'col

10 1157 55 1207 Μ
162 1157 331 1220 hunuanus
377 1154 507 1229 Quare?

10 1239 48 1303 33
159 1241 314 1307 Kinna.
360 1240 445 1315 Quia
477 1243 608 1307 mentiri
636 1242 723 1306 nolo.
744 1241 750 1322 Ι
769 1241 841 1327 Ego
869 1243 999 1328 quidem
1028 1250 1061 1308 et
1086 1266 1213 1311 sorores

71 1347 178 1409 meae,
198 1331 204 1408 Ι
225 1326 351 1392 eisdem
375 1329 566 1415 parentibus
588 1329 730 1413 genitae,
750 1328 755 1412 Ι
775 1328 900 1394 eisdem
922 1333 1130 1396 sacramentis
1152 1334 1212 1397 im-
1233 1353 1257 1392 ro

71 1413 187 1490 butas,
219 1435 330 1477 sumus
362 1435 428 1478 uua
460 1414 641 1500 eademque
675 1414 753 1479 fidei
784 1418 963 1480 constantia
992 1418 1210 1506 roboratam}

72 1506 274 1586 quapropter
295 1501 396 1581 scito,
420 1507 565 1565 nostrum
588 1502 683 1582 velle,
704 1501 709 1585 Ι
728 1507 873 1566 nostrum
895 1503 1024 1584 sentire,
1045 1504 1049 1588 Ι
1069 1511 1213 1570 nostrum

72 1606 189 1738 meac
209 1591 215 1668 Ι
234 1607 334 1756 upum
358 1586 513 1672 idemque
537 1608 619 1669 esse,
639 1591 645 1672 Ι
664 1606 726 1652 neo
753 1608 806 1652 me
832 1590 865 1653 in
886 1589 952 1653 ullo
974 1610 1127 1675 umquam
1150 1593 1212 1657 illis

137 1692 241 1737 rere.

20 1759 50 1824 a
156 1760 328 1824 Aunrsuus.
374 1756 550 1839 Oiniuria,
571 1758 576 1842 Ι
598 1758 685 1844 quod
708 1780 728 1823 a
750 1760 876 1824 tantilla
895 1760 900 1843 Ι
920 1761 1019 1825 etiam
1043 1768 1210 1849 contemp·
1230 1783 1253 1821 a

71 1866 130 1911 nor
152 1845 376 1918 homullula!l

158 1930 312 1996 Ksnrrss.
357 1929 453 1994 Licet
480 1930 602 1994 tenella
634 1931 694 1995 sim
721 1936 839 2012 aetate,
859 1931 865 2015 Ι
885 1938 994 1997 tamen
1016 1953 1118 2018 guara
1141 1954 1212 1997 sum

73 2024 104 2082 te
127 2025 359 2102 argumentose
383 2015 592 2081 confundere.
613 2017 618 2099 Ι
1191 2075 1195 2079 ,

157 2104 329 2168 Annianus.
373 2102 539 2167 Abstrahe
554 2102 654 2185 illam,
671 2101 843 2186 Antioche,
861 2110 894 2168 et
909 2104 969 2186 fac,
984 2109 1030 2186 ut,
1053 2124 1210 2189 suspensa

73 2189 102 2254 iu
124 2189 254 2270 oculeo,
277 2189 430 2253 atrociter
451 2189 651 2253 verberetur.
1228 2211 1253 2250 eo

157 2275 352 2341 Aurrocuus.
395 2274 533 2356 Vereor,
558 2275 646 2361 quod
668 2274 805 2338 verbera
828 2295 890 2337 nou
912 2277 1131 2360 praevaleant.
1152 2280 1157 2356 Ι

11 2350 57 2417 ³5
157 2362 330 2426 Aununus.
376 2360 411 2425 Si
441 2381 505 2425 uon
533 2361 755 2445 praevaleant,
775 2359 780 2446 Ι
801 2361 893 2441 iube,
925 2362 1026 2426 tribus
1053 2363 1209 2426 continuis

73 2446 187 2512 hobus
204 2468 242 2511 ac
257 2447 406 2512 noctibus
419 2447 584 2512 fornacem
599 2445 750 2512 succendi
763 2446 767 2531 Ι
782 2453 815 2512 et
829 2448 918 2511 illam
932 2448 1017 2513 inter
1031 2449 1209 2514 bachantes

71 2533 217 2599 dammas
239 2534 351 2620 proici.
372 2532 378 2615 Ι
1226 2560 1251 2600 ss

154 2619 309 2685 Kanrms.
356 2618 384 2683 0
406 2618 547 2684 iudicem
568 2620 780 2705 inpotentem,
804 2619 858 2705 qui
880 2618 1006 2702 diffidit,
1030 2641 1065 2685 se
1085 2620 1207 2706 absque
1233 2637 1281 2703 fol.
1296 2640 1364 2688 127¹

68 2706 168 2771 armis
192 2706 314 2790 ignium
339 2711 533 2770 octuenuem
553 2706 711 2770 infantem
734 2726 888 2791 superare
911 2712 1023 2791 posse!
1044 2708 1049 2788 Ι

155 2792 328 2857 Annunus
361 2792 439 2874 Abi,
454 2791 626 2874 Antioche,
642 2792 645 2875 Ι
660 2798 694 2856 et
706 2791 881 2857 iniunctum
897 2791 1036 2857 officium
1051 2792 1181 2879 perfice.
1201 2793 1204 2868 Ι

10 2850 47 2922 ³⁶
155 2875 309 2943 Ksnrrm.
355 2877 519 2942 Saevitiae
543 2877 675 2963 quidem
697 2884 774 2942 tuae
794 2878 1021 2944 satisfaciendo
1044 2879 1204 2965 parebit]

62 2964 126 3029 sed
152 2984 207 3028 me
231 2965 362 3029 minime
384 2964 525 3044 nocebit,
546 2963 551 3049 Ι
571 2964 646 3050 quia
667 2985 728 3029 nec
742 2965 880 3029 verbera
901 2966 967 3030 mei
982 2965 1206 3051 corpusculum

61 3050 225 3132 lacerare,
241 3050 245 3135 Ι
258 3071 319 3115 nec
334 3052 485 3115 flammae
502 3071 628 3115 comam
643 3051 697 3115 vol
712 3057 820 3116 vestes
834 3058 987 3136 poterunt
1002 3052 1182 3117 obfuscare.
1199 3050 1203 3135 Ι
1225 3077 1250 3116 co

153 3136 325 3202 Annianus.
369 3136 602 3222 Experietunj

10 3221 36 3272 ’ω
153 3221 308 3288 Ksnrrss.
353 3221 585 3310 Experiamul
689 3275 692 3279 ⁴

14 3459 28 3519 ¹
155 3483 328 3583 Anauros.
379 3481 557 3562 Antioche,
591 3482 669 3568 quid
694 3483 835 3568 pateris?
855 3483 860 3567 Ι
881 3502 936 3547 cur
963 3481 1083 3546 tristior
1113 3482 1207 3547 solito

61 3568 345 3719 remgbbibbrba
396 3652 532 3727 Quando
561 3675 691 3719 causam
717 3654 865 3719 tristitiae
893 3653 1082 3740 experieris,
1102 3654 1107 3738 Ι
1126 3655 1206 3719 haut
1223 3678 1247 3718 as

62 3743 172 3807 minue
194 3739 446 3806 contristaberis.
467 3741 472 3825 Ι

153 3929 188 3983 10
198 3933 295 3984 eisdem
307 3948 415 3986 sacram.
428 3933 533 3997 scripsi:
545 3933 644 3984 hisdem
657 3949 765 3985 sacram.
777 3931 809 3983 M
820 3929 886 3994 (his-
898 3933 925 3982 ia
936 3932 1013 3998 ras),
1019 3950 1053 3998 p:
1065 3933 1100 3999 cf.
1113 3947 1165 3982 osc.
1175 3935 1206 3983 19

68 3998 101 4050 lu
117 4001 448 4053 sammarthani:
465 4000 679 4065 concaeifflillc,
693 4001 797 4066 Gesahl,
816 3999 954 4066 Verstoad)
1027 3999 1058 4051 19
1076 4001 1204 4053 Abstrahe

68 4067 122 4130 (he
138 4071 167 4121 iss
184 4071 251 4132 ros.)
270 4070 305 4120 Μ
388 4069 423 4122 30
441 4071 577 4123 obfuscare
594 4069 649 4134 (ob
667 4072 695 4122 in
712 4087 765 4122 ras.
782 4087 815 4120 ns.
829 4070 860 4135 1)
877 4069 911 4119 Μ
994 4067 1028 4121 26
1045 4071 1204 4122 contristaris

71 4136 229 4192 macereas·

152 4294 223 4361 bes.
242 4302 291 4344 oct
309 4294 419 4358 apostol.
432 4298 473 4357 19,
483 4297 517 4346 27
532 4311 624 4361 magne
638 4295 723 4345 Diana
734 4293 910 4362 Ephesiorum.
980 4289 1015 4342 25
1032 4288 1069 4357 cs.
1087 4290 1166 4344 Dodo.
1174 4297 1206 4344 14

76 4358 119 4419 m
204 4361 512 4430 mmmmma
999 4444 1033 4484 a

1016 4445 1049 4484 ,s
