2910 5024
515 343 584 398 114.
603 342 750 397 Abrolsom.
1151 347 1201 401 157

9 514 29 601 l]
147 514 264 580 Mania
309 513 485 578 Evacuata.

11 608 28 665 l
142 601 310 666 Mmuuu.
356 599 462 674 Quam
478 600 673 680 mercedem,
698 603 758 666 nisi
779 603 958 688 resipiscas,
981 623 1040 689 pro
1063 605 1199 669 ieiunio·

58 707 142 767 rum,
166 687 358 768 orationum,
381 688 562 773 vigiliarum
578 687 696 753 sudore
711 688 715 775 Ι
730 690 814 753 ultra
830 696 924 775 potes
939 710 1081 776 sperare,
1097 691 1199 775 lcum,

56 774 150 923 pnfcslut
176 773 269 859 lapsa
295 773 337 838 ab
368 773 538 839 altitudine
570 776 662 855 caeli,
682 780 687 856 Ι
708 774 848 840 dimerse
877 797 912 840 es
942 778 975 840 in
1003 776 1198 863 profundum

60 860 67 874 ⁰
106 860 224 940 emiil
1228 892 1244 929 a

145 945 262 1011 Meum.
306 945 359 1009 Eh
381 945 459 1009 heu!

16 1036 34 1096 5
143 1032 311 1097 Murum.
365 1030 473 1105 Quare
501 1052 554 1096 me
586 1030 785 1118 despexisti?
812 1033 943 1118 lquere
975 1034 1196 1121 deseruisti?l

59 1138 161 1204 qnare
185 1123 336 1182 eventum
358 1125 434 1182 tuae
482 1117 648 1182 erditionis
663 1118 741 1182 milri
763 1139 827 1183 non
841 1119 1000 1204 indicasti,
1020 1125 1025 1203 Ι
1048 1142 1110 1208 quo
1134 1142 1197 1209 ego

59 1225 133 1269 cum
172 1203 291 1373 dile¹cto
327 1225 400 1269 meo
468 1204 561 1268 ffrem
592 1205 597 1288 Ι
628 1204 759 1290 dignam
796 1226 855 1292 pro
893 1213 926 1272 te
962 1208 1351 1294 poenitentiamsoz.107r

123 1297 213 1354 rem?
1217 1321 1242 1360 ιο

58 1310 122 1376 Ψ
145 1375 262 1441 Msnrr.
306 1374 486 1460 Postquam
507 1376 600 1462 lapsa
620 1377 654 1440 in
676 1378 819 1462 peccatis
835 1379 948 1460 corrui,
964 1379 1056 1464 ltuae
1079 1381 1197 1446 sancti-

9 1495 39 1545 tr.
58 1465 118 1527 tati
137 1464 142 1546 Ι
164 1462 289 1547 polluta
311 1463 496 1548 proximare
518 1482 583 1526 non
604 1465 816 1549 praesumpsi.
837 1465 841 1548 Ι

15 1564 34 1625 6
144 1551 312 1613 Anninus.
358 1546 437 1621 Quis
459 1569 614 1635 umquam
629 1570 649 1613 a
664 1556 799 1636 peccato
824 1551 932 1615 extitit
946 1551 1106 1634 immunis,
1120 1551 1124 1637 Ι
1136 1552 1198 1616 nisi

57 1636 146 1701 solus
168 1635 251 1699 filius
272 1634 449 1719 virginis?l

147 1721 263 1786 Manis.
307 1720 432 1785 Nullus.
1217 1752 1240 1790 η

145 1807 311 1871 Aunnuau.
362 1805 549 1870 Humanum
577 1813 627 1870 est
657 1829 810 1893 peccare,
835 1811 839 1891 Ι
866 1810 1060 1875 diabolicum
1089 1815 1138 1873 est
1165 1810 1198 1873 in

55 1895 202 1982 peccatis
226 1891 357 1965 durare;
378 1897 382 1969 Ι
402 1912 462 1957 nec
484 1893 553 1956 iure
576 1895 838 1992 reprehenditur,
862 1898 916 1982 qui
940 1896 1046 1961 subito
1070 1894 1165 1974 cadit,
1190 1895 1193 1979 Ι

56 1979 118 2046 sed
163 1982 196 2044 ui
220 1981 312 2044 citius
334 1998 467 2063 surgere
490 1979 645 2063 neglegit.
667 1982 672 2062 Ι

224 2087 263 2130 rs.
308 2063 348 2128 Ei
370 2064 449 2129 milri
470 2065 604 2129 infelici!

14 2166 31 2226 7
145 2152 312 2216 Anninus.
358 2148 424 2214 (lun
446 2149 588 2215 decidis?
608 2151 614 2238 Ι
634 2173 690 2216 cur
711 2153 744 2217 in
767 2160 853 2218 terra
875 2155 962 2218 iaces
984 2153 1165 2219 inmobilis?
1191 2152 1194 2237 Ι
1215 2180 1243 2218 ao

57 2238 198 2324 Erigere
219 2245 224 2312 Ι
243 2244 287 2317 et,
332 2257 395 2301 uae
418 2235 533 2316 dicam,
557 2239 724 2323 percipe?

145 2323 261 2388 Maura
311 2259 439 2388 devote
471 2344 625 2389 concussa
654 2327 775 2406 corrui,
804 2328 808 2404 Ι
837 2326 911 2410 quia
940 2326 1007 2390 rim
1041 2332 1198 2411 paternae

57 2411 244 2477 monitionis
268 2409 352 2474 ferre
375 2410 514 2495 nequivi.
535 2415 540 2488 Ι

146 2497 312 2663 danaprin.
362 2495 505 2560 Attende
534 2497 599 2560 mei
629 2497 663 2561 in
690 2503 723 2561 te
753 2495 958 2562 dilectionem
978 2498 983 2581 Ι
1004 2504 1037 2562 et
1068 2497 1196 2584 depone

58 2584 220 2647 timorem.
1216 2616 1241 2655 a

146 2669 263 2733 Manis.
307 2666 358 2732 Na
383 2688 454 2732 ueo.

11 2757 31 2819 8
145 2755 311 2819 Maurus.
355 2689 471 2818 lionne
487 2755 533 2817 tui
550 2775 647 2818 causa
664 2753 913 2819 desiderabilem
929 2756 1053 2820 heremi
1071 2755 1197 2820 habita-

59 2843 183 2906 tionem
206 2841 321 2924 reliqui
340 2843 344 2918 Ι
365 2861 559 2926 omnemque
582 2841 740 2926 regularis
763 2842 1001 2906 observantiam
1026 2862 1197 2906 conversa-

60 2929 156 2992 tionis
172 2946 278 3013 paene
295 2928 459 3004 evacuavi,
480 2932 485 3008 Ι
503 2928 536 2990 in
552 2932 686 3008 tantum,
709 2933 745 2990 ut
760 2947 833 3012 ego,
855 2935 949 2992 vetus
964 2928 1172 3007 heremicola,
1191 2928 1194 3012 Ι

60 3016 165 3078 factus
189 3035 259 3077 sum
282 3013 514 3077 lascivientium
531 3015 675 3092 conviva,
696 3015 700 3093 Ι
721 3019 763 3093 et,
788 3016 843 3099 qui
866 3015 920 3080 diu
943 3016 1069 3079 silentio
1085 3013 1196 3078 stude·
1216 3038 1243 3076 ao

59 3101 152 3179 bam,
177 3100 182 3182 Ι
208 3100 360 3163 iocularia
391 3099 507 3179 verba,
538 3119 579 3163 no
610 3119 820 3184 agnoscerer,
851 3101 1106 3186 proferebam!
1133 3099 1198 3164 Cur

61 3186 193 3251 dimisso
234 3186 323 3248 vultu
357 3192 476 3249 terram
509 3186 659 3270 inspicis?
688 3187 693 3267 Ι
722 3207 777 3250 cur
810 3186 1036 3273 respondendo
1070 3207 1197 3250 mecum

61 3273 162 3338 rerba
185 3274 322 3336 miscere
346 3271 552 3356 dedignaris?
572 3277 576 3352 Ι

20 3359 36 3419 9
146 3359 263 3423 Maera.
308 3357 432 3442 Proprii
457 3358 652 3422 conscientia
680 3363 788 3421 reatus
812 3356 1004 3434 confundor;
1034 3357 1109 3423 ideo
1138 3378 1198 3423 neo

61 3446 171 3510 oculos
200 3445 244 3508 ad
272 3444 397 3508 caelum
427 3445 537 3508 levare
563 3448 568 3524 Ι
593 3464 654 3508 nec
683 3464 865 3509 sermonem
894 3453 1000 3509 tecum
1024 3465 1196 3532 praesumo
1217 3471 1243 3508 aa

60 3531 272 3614 conserere!

147 3619 314 3682 Anninus.
362 3615 438 3679 Noli
468 3614 631 3696 diffidere,
660 3617 664 3694 Ι
692 3616 770 3697 filia,
802 3617 867 3681 noli
895 3615 1085 3703 desperare,
1109 3621 1115 3696 Ι
1140 3617 1198 3681 sed

60 3725 195 3789 emerge
219 3702 260 3767 de
277 3702 395 3788 abysso
412 3701 664 3786 desperationis!
681 3710 714 3765 et
728 3702 792 3787 fige
815 3704 848 3766 iu
865 3702 926 3767 deo
942 3725 1032 3789 spem
1050 3705 1175 3768 mentis.
1192 3704 1195 3788 Ι

145 3911 181 3964 28
198 3907 270 3978 oue]
289 3929 314 3976 q;
333 3926 364 3960 ea
380 3908 414 3976 ql!
431 3927 499 3961 corr.
518 3913 577 3961 Μ
595 3909 625 3960 Μ
711 3909 745 3960 32
763 3911 840 3962 uultu
858 3928 891 3962 sc.
910 3914 972 3962 aa?
990 3911 1024 3960 M

146 4050 163 4102 9
191 4050 317 4114 coraiunge
339 4048 444 4113 dignam
467 4064 511 4113 pro
535 4055 560 4098 ta
583 4047 630 4114 (cs.
653 4047 724 4099 Mor.
739 4049 782 4112 27)
805 4049 822 4099 i.
839 4067 860 4100 e.
882 4050 932 4100 tuis
950 4050 1062 4114 peccatis
1084 4049 1199 4116 dignam.

57 4122 90 4176 16
102 4123 222 4173 similior
234 4118 410 4184 Hieronymus
422 4117 545 4167 aecem
558 4115 685 4181 Rufinam
699 4117 752 4168 III
762 4121 797 4169 33
815 4119 869 4182 (II
878 4119 925 4169 col.
937 4123 986 4170 560
1004 4116 1074 4185 V‘.).·
1092 4136 1199 4186 peccare

55 4195 126 4245 enim
139 4190 253 4242 hominia
272 4195 319 4250 est,
337 4186 443 4237 insidias
460 4186 564 4237 tendere
575 4186 672 4236 diaboli
690 4185 736 4253 (cs.
759 4187 823 4249 Otto,
841 4187 1029 4252 Spriclrmdrter
1041 4189 1089 4239 der
1101 4187 1197 4240 Rdmcr

55 4282 80 4315 ra
93 4263 211 4327 819sq.),
289 4254 325 4305 22
342 4257 377 4321 cs.
395 4272 446 4305 asc.
459 4258 499 4306 48.
575 4253 609 4305 34
627 4257 661 4319 cf.
680 4255 744 4307 ua.
757 4259 850 4319 18,13.·
868 4265 893 4308 at
910 4257 1066 4324 publicanus
1085 4258 1197 4325 alonge

53 4345 127 4385 stans
145 4331 256 4383 nolebat
275 4341 324 4376 nec
341 4324 429 4376 oculos
448 4325 481 4375 ad
499 4325 599 4376 caelum
616 4324 710 4376 levare.
