2910 5024
610 354 637 410 11
656 357 680 409 5.
699 353 857 421 Pal'mticss.
1253 358 1303 415 167

117 531 140 620 l]
252 549 409 594 ursonem.
453 528 523 593 Nec
544 527 669 591 iniuria.

254 614 435 681 Pnrnnrms.
480 612 546 679 Sed
574 612 650 699 quid
681 635 788 679 moror
810 616 843 678 in
864 615 943 698 istis,
963 624 969 692 Ι
989 635 1073 701 quoe
1095 615 1188 682 vobis
1208 619 1301 683 mini-

165 723 256 766 mum
278 701 417 766 efferunt
440 700 684 766 delectationis?
704 706 709 778 1

117 788 141 848 n
252 806 411 853 nisoll’uu.
456 786 602 851 Enuclee
623 787 717 850 nobis
740 806 871 851 causum
894 789 941 851 tui
956 789 1121 870 maeroris,
1142 790 1148 874 Ι
1166 809 1208 855 ne
1232 790 1302 855 diu·

161 875 227 938 tius
251 874 439 958 frangamur
458 872 603 959 pondere
627 873 855 956 curiositatis!
1333 901 1344 939 s

162 1046 194 1112 b·
233 959 434 1061 ‘lfnmunms
479 958 515 1024 Si
536 958 666 1045 quondo
683 960 905 1046 experiemini,
925 958 931 1045 Ι
949 960 1062 1025 auditu
1076 981 1141 1026 non
1158 961 1300 1028 delecte-

184 1067 288 1111 nmrm

252 1047 408 1197 melum.
453 1130 543 1195 Haut
565 1150 638 1195 roro
662 1132 878 1213 contristetur,
898 1132 904 1213 Ι
923 1133 977 1217 qni
992 1133 1212 1199 curiositatem
1232 1155 1302 1200 seo-

116 1232 145 1279 n.
163 1224 266 1290 tetum
288 1227 293 1294 Ι
312 1217 371 1282 scd
394 1223 503 1282 temen
524 1217 610 1281 hanc
632 1219 802 1303 nequimus
830 1237 995 1304 superare,
1015 1222 1020 1304 1
1041 1219 1116 1306 quis
1137 1220 1303 1286 familiaris

167 1312 220 1370 est
243 1304 410 1389 lreffl'litsti
432 1305 597 1385 nosmet
1321 1331 1346 1371 ιο

116 1383 139 1445 3
241 1391 436 1492 numus.
485 1388 653 1463 Queedam
675 1388 834 1476 inpudens
857 1391 978 1455 semine
997 1391 1002 1476 Ι
1021 1398 1164 1456 moretur
1185 1393 1219 1457 in
1240 1393 1302 1459 heo

163 1483 407 1628 petriplslcffl
453 1561 519 1626 Res
542 1561 664 1625 civibus
686 1562 903 1648 periculoso!

251 1649 433 1713 Psruusms.
488 1648 581 1711 Haec
611 1647 757 1713 mirendc
786 1650 947 1734 praenitet
978 1648 1214 1733 pulchritudine
1240 1650 1245 1733 Ι
1270 1657 1303 1714 et

162 1734 326 1800 horrende
348 1733 459 1798 sordet
481 1733 689 1819 turpitudine.
711 1737 715 1817 Ι
1322 1758 1344 1797 ss

250 1839 407 1886 nuscuntur.
450 1819 647 1884 Miserabile.
668 1822 673 1905 Ι
694 1819 780 1895 Quid
802 1825 955 1885 vocetur?

250 1906 433 1972 Possumus,
478 1905 614 1982 Thais!

250 2013 408 2058 orscuuu.
452 1992 512 2056 Ille
535 1994 734 2077 meretrixll

250 2079 431 2144 polmus.
476 2078 586 2163 Ipse!

116 2173 134 2232 t
248 2185 404 2230 n1sc1suu1.
449 2164 527 2229 Eius
548 2165 681 2228 infamis
703 2165 782 2229 nulli
805 2171 855 2230 est
877 2165 1076 2249 incognite}
1319 2182 1345 2223 so

250 2252 429 2315 Pnsnurms
474 2250 544 2314 Nec
565 2251 696 2332 mirum,
727 2253 801 2336 quia
829 2271 894 2315 non
917 2250 1068 2335 dignetur
1096 2271 1167 2315 cum
1190 2253 1302 2338 paucis

164 2337 209 2402 ed
222 2338 386 2401 interitum
409 2336 553 2418 tendere,
569 2336 644 2420 lsed
660 2345 811 2423 prompta
834 2344 885 2401 est
906 2357 1018 2401 omnes
1033 2338 1200 2402 lenociniis
1222 2359 1301 2403 suee

166 2425 291 2489 formae
313 2424 436 2487 illicere
456 2426 460 2502 Ι
480 2443 655 2509 secumque
679 2423 721 2488 nd
743 2425 907 2489 interitum
929 2424 1068 2488 trahere.
1090 2428 1094 2505 Ι

253 2530 408 2575 ursonem.
453 2509 643 2593 Lugubre!

115 2597 139 2656 5
251 2595 433 2660 Pnruunms.
477 2595 549 2660 Nec
567 2597 671 2659 solum
692 2614 835 2680 nugaces
857 2595 1014 2659 vilitatem
1037 2615 1114 2661 sune
1137 2595 1346 2661 familiariore

165 2683 213 2747 rei
229 2680 387 2768 dissipent
402 2681 406 2764 Ι
421 2682 510 2745 illem
526 2680 673 2761 colendo,
690 2681 766 2766 lsed
781 2682 879 2745 ctiam
924 2687 1131 2767 rcepotentes
1145 2685 1204 2748 viri
1226 2703 1300 2768 pre-

166 2769 271 2833 tiosee
292 2769 483 2832 serietatem
505 2768 736 2854 suppellectilis
757 2702 976 2853 pessumdant,
997 2770 1001 2850 Ι
1020 2788 1086 2833 uon
1108 2769 1231 2856 ubsque
1253 2770 1303 2834 sui

167 2855 286 2920 domno
310 2855 392 2918 hunc
416 2853 581 2938 ditandol

253 2961 411 3006 orscuuu.
455 2939 679 3004 Horrescimus
701 2938 821 3003 cuditu.

254 3025 435 3091 Possumus.
481 3026 607 3111 Greges
628 3033 809 3090 emetorum
831 3025 874 3089 ed
895 3026 984 3089 illam
1007 3027 1179 3093 confluunt.
1199 3028 1204 3111 Ι
1318 3053 1343 3093 co

253 3131 410 3177 memmi.
456 3111 498 3176 Se
522 3113 608 3197 ipsos
630 3111 804 3198 perdunt!
1319 3128 1367 3195 fot.
1380 3131 1441 3180 mr

114 3219 146 3270 to.
253 3198 435 3264 Pnrnunrus.
480 3198 542 3272 Qui
565 3207 725 3281 ementes,
754 3198 830 3262 dum
852 3218 951 3262 caeco
974 3196 1087 3282 eorde,
1121 3199 1191 3284 quis
1212 3199 1302 3263 illem

162 3283 274 3361 adest,
299 3283 505 3366 contendunt,
525 3291 530 3367 Ι
550 3287 694 3350 convicio
716 3291 904 3370 congerunt.
924 3288 930 3362 Ι

252 3391 407 3435 nisurum.
453 3371 558 3435 Unum
582 3373 693 3436 vitium
716 3373 801 3458 perit
823 3371 909 3435 aliut.

250 3456 433 3522 anunrus
478 3457 617 3534 Deinde,
640 3459 720 3522 inito
743 3458 933 3535 certamine,
956 3476 1040 3520 nunc
1064 3476 1120 3521 oro
1142 3476 1301 3542 naresque
1319 3486 1343 3527 ss

159 3544 282 3644 pugnis
297 3542 489 3626 frangendo,
511 3550 516 3626 Ι
535 3565 619 3608 nunc
635 3545 731 3608 onmis
746 3544 885 3608 vicissim
902 3542 1058 3624 eiciendo,
1076 3549 1083 3625 Ι
1103 3542 1302 3609 decurrentis

160 3630 275 3694 illuvie
299 3631 462 3714 sanguinis
482 3637 486 3711 Ι
506 3630 725 3695 madefaciunt
746 3631 857 3694 limine
877 3628 1050 3715 lupanaris.
1071 3638 1077 3706 1

237 3784 268 3858 ,c
285 3787 378 3838 auum
394 3787 473 3837 scu
545 3786 577 3838 ιε)
595 3788 751 3854 turpididine
766 3787 816 3850 nu,
834 3787 963 3853 turpidine
971 3802 992 3850 p
1062 3783 1098 3836 20
1121 3764 1236 3838 inf-mle
1263 3785 1302 3850 n,

158 3861 262 3924 intnuln
275 3888 297 3937 p
401 3869 435 3922 22
462 3874 559 3924 lenonis
584 3873 612 3923 in
639 3873 772 3923 lenociniis
799 3889 865 3922 corr.
893 3877 958 3921 m.1
986 3871 1024 3934 M,
1051 3871 1190 3922 lenocicnis
1213 3871 1250 3936 (i)
1268 3873 1302 3937 p¹

156 3937 193 3994 27
213 3941 384 4008 pessumdant
401 3940 490 4005 (prior
506 3959 519 3992 s
535 3944 563 3992 in
575 3942 641 4006 ras.)
653 3941 684 3991 M
752 3939 786 3991 34
803 3948 878 4007 peret
888 3939 930 3990 M:
949 3941 1051 3991 correxi
1068 3941 1126 3991 coll.
1146 3940 1224 3991 Dolc.
1237 3944 1301 4004 123

191 4010 258 4074 nlius
277 4006 320 4061 11¹
347 4010 420 4061 aliud
437 4010 521 4076 M‘p',
537 4011 627 4063 ellium
642 4011 674 4077 p¹

245 4145 279 4198 31
299 4147 335 4213 cs.
353 4145 463 4213 Posui
478 4146 528 4208 Μ.
631 4143 666 4199 35
683 4147 750 4197 male
768 4147 893 4211 accepisse
910 4147 1010 4197 videtur
1029 4146 1080 4199 Ην.
1103 4147 1159 4199 Ter.
1179 4165 1236 4200 stem
1250 4147 1305 4199 ΙΙΙ

155 4221 227 4281 m?
235 4232 302 4282 ³qu
319 4224 398 4281 etque
416 4216 479 4267 lmec
496 4216 542 4280 qui
554 4216 631 4278 misit,
650 4233 701 4266 non
718 4217 768 4267 sibi
785 4216 833 4267 soli
845 4217 959 4282 postulat
977 4225 1001 4268 tc
1014 4217 1102 4268 vivere
1119 4225 1145 4269 et
1162 4234 1211 4269 sus
1223 4234 1302 4270 censs

154 4288 261 4340 excludi
279 4294 392 4346 ceteros,
416 4301 499 4351 neque
521 4300 624 4351 pugnos
646 4293 733 4336 namet
751 4302 834 4351 neque
852 4286 984 4337 cicanices
1008 4301 1070 4337 suns
1089 4294 1200 4339 ostentm
1216 4304 1301 4354 neque

154 4359 205 4410 tibi
223 4358 321 4408 obstet:
344 4354 414 4420 qnod
432 4355 538 4420 quidem
556 4356 626 4406 fecit.
