2910 5024
564 344 621 399 16.
639 343 770 399 Basilum

206 517 248 583 Et
270 519 381 605 placet
403 518 559 582 auxilium
581 516 681 602 lapsis
702 522 871 602 praestare
893 517 1081 602 benignum.

208 606 339 671 Scilicet
362 605 484 669 erranti
505 624 583 668 mox
605 611 755 668 narratur
776 604 913 679 mulieri,

208 691 302 766 Quod
324 711 389 755 non
412 691 588 757 eathohcus
612 690 710 755 luerit
731 691 850 754 coniux
871 691 969 755 miser
991 691 1070 773 eius,

205 778 275 845 Nec
297 779 398 843 limen
420 779 534 863 templi
555 777 655 841 vellet
677 776 764 861 pede
786 782 923 861 tangere
946 779 1059 859 sancti,

209 865 251 930 Se
274 867 352 951 quia
373 865 533 950 serpentis
555 864 616 928 iuri
639 862 791 928 tradebat
815 864 914 946 avari,

208 951 307 1017 Sacra
330 971 454 1036 negans
477 957 587 1015 rectae
609 949 696 1030 fidei,
719 968 837 1014 nomen
860 969 989 1035 quoque
1013 948 1142 1018 Christi.

207 1037 298 1112 Quae
322 1058 358 1103 se
381 1037 555 1122 deceptam
577 1057 778 1121 cognoscens
801 1055 874 1100 esse
897 1037 1067 1119 misellam,

205 1125 349 1190 Auribus
372 1126 505 1190 intentis
525 1130 560 1192 ut
583 1124 683 1188 sensit
704 1122 806 1188 verba
828 1124 1001 1208 loquentis,

206 1212 243 1276 In
265 1218 387 1277 terram
411 1210 528 1276 cecidit
549 1209 705 1275 membris
727 1208 918 1275 tremefacta
941 1210 1063 1291 solutis,

206 1298 299 1364 Emit
322 1304 357 1363 et
377 1299 527 1385 proprios
549 1317 673 1361 summo
698 1295 739 1360 de
761 1297 885 1361 vertice
907 1297 1001 1381 pilos,

206 1384 341 1450 Necnon
363 1385 553 1451 verberibus
576 1383 716 1470 pulsavit
737 1382 851 1448 sedulo
874 1390 998 1468 pectus,

207 1471 287 1537 Cum
310 1472 451 1536 lacrimis
473 1471 556 1535 tales
578 1490 735 1557 spargens
758 1489 856 1554 super
877 1470 1014 1535 aethera
1034 1485 1150 1534 voces:

206 1557 369 1643 ‘Quisquis
391 1557 585 1644 praedulces
607 1577 671 1621 non
694 1557 763 1621 vult
785 1555 896 1620 audire
918 1564 1082 1642 parentes,

205 1644 388 1730 Numquam
412 1645 568 1709 salvatur!
593 1642 680 1729 quod
702 1643 764 1707 hac
786 1643 911 1707 ratione
935 1643 1099 1728 probatur.

207 1731 293 1808 Heu,
315 1731 391 1813 heu,
415 1730 622 1816 splendorem
645 1729 711 1794 diei
734 1750 790 1794 cur
811 1736 888 1793 nata
910 1729 1030 1814 recepi,

208 1817 271 1882 Vel
296 1838 353 1883 cur
376 1819 527 1882 continuo
549 1836 614 1881 non
637 1837 707 1880 sum
731 1836 886 1881 concessa
909 1815 1090 1900 sepulchro,

206 1903 326 1969 Infelix
348 1904 478 1970 foveam
501 1902 652 1968 caderem
675 1922 717 1967 ne
739 1904 852 1968 mortis
874 1904 908 1966 in
930 1910 1034 1967 atram
1042 1900 1061 1964 !'

248 1989 344 2057 Haec
367 1990 444 2056 dum
466 1991 596 2056 tristitia
618 1989 748 2054 dicebat
771 1990 967 2073 conhnuata,

209 2074 358 2142 Coniunx
379 2079 465 2142 illius
487 2077 594 2142 subito
616 2077 706 2140 renit
728 2077 909 2142 scelerosus

207 2161 250 2227 Et
272 2163 313 2228 de
336 2185 372 2229 se
395 2165 494 2229 falsas
515 2163 633 2228 iuravit
654 2183 706 2227 res
729 2163 799 2227 fore
821 2163 934 2228 dictas.

207 2247 299 2322 Quae
321 2271 400 2316 mox
423 2251 583 2316 constanti
605 2248 782 2335 respondet
803 2269 885 2315 voce
907 2248 1053 2334 neganti:

207 2332 253 2400 ‘Si
276 2357 350 2402 reus
371 2338 513 2423 ingentis
536 2337 651 2422 culpae
673 2337 738 2400 iarn
762 2335 902 2422 denique
924 2356 990 2400 non
1012 2335 1065 2415 sis,
1235 2342 1283 2409 sot.
1295 2343 1346 2393 eor

209 2422 331 2488 Laetus
353 2423 397 2487 ad
419 2423 590 2489 ecclesiam
611 2443 740 2487 mecum
763 2443 834 2487 eras
855 2423 983 2508 pergito
1006 2426 1161 2500 sanctam,

204 2508 274 2574 Illic
296 2516 330 2575 et
352 2517 484 2575 sanctae
507 2510 638 2574 celebra
661 2510 853 2593 sollempnia
876 2507 1017 2573 missae.³

208 2593 280 2668 Qua
301 2616 379 2661 mox
402 2596 549 2661 devictus
568 2597 654 2660 iusta
675 2596 799 2659 ratione
822 2596 966 2660 misellus

208 2680 347 2748 Causam
370 2684 533 2747 commissi
554 2683 696 2746 narravit
718 2702 858 2767 namque
881 2682 986 2767 piacli.

207 2768 344 2855 Illaque,
367 2770 536 2834 mollitiem
559 2770 624 2833 iarn
647 2767 815 2854 deponens
837 2769 1029 2833 muliebrem
1118 2797 1123 2810 ·

207 2855 250 2919 Et
272 2877 402 2921 sumens
424 2857 510 2921 vires
533 2854 685 2943 prudenti
707 2855 804 2921 corde
828 2856 943 2936 viriles,

126 2959 146 3004 u
206 2942 284 3007 Mox
308 2943 350 3007 ad
371 2942 528 3008 Basilium
550 2942 701 3007 currebat
722 2961 861 3026 namque
884 2942 1031 3013 beatum;

207 3029 353 3111 Necnon,
376 3031 522 3114 vestigiis
545 3049 654 3094 coram
676 3036 838 3114 prostrata
861 3029 1004 3106 sacratis,

207 3115 317 3181 Utitur
338 3116 388 3180 his
410 3117 518 3181 verbis
541 3116 670 3181 turbato
693 3123 825 3200 pectore
848 3114 939 3178 fusis:

250 3200 379 3268 ‘Sancte
404 3202 467 3284 dei,
491 3204 634 3268 clemens
654 3204 749 3268 nobis
772 3221 921 3266 succurre
943 3201 1087 3283 misellis,

207 3287 250 3352 Et
273 3289 365 3354 trahe
388 3288 429 3354 de
453 3291 543 3354 tetris
567 3290 655 3353 saevi
677 3311 737 3354 nos
760 3288 908 3353 faucibus
929 3287 1041 3364 hostis,

208 3374 271 3448 Qui
292 3384 420 3440 nostras
442 3377 575 3462 fragiles
596 3377 696 3440 iactat
720 3396 755 3440 se
778 3374 917 3462 perdere
939 3374 1096 3439 mentes?

208 3461 354 3548 Cumque
376 3462 508 3528 modum
531 3463 646 3548 culpae
670 3461 845 3527 denudavit
867 3461 928 3526 sibi
950 3467 1072 3543 tantae,

208 3547 354 3614 Vertitur
375 3548 418 3613 ad
440 3570 569 3614 serrum
590 3550 721 3635 praesul
744 3548 866 3613 domini
887 3549 1083 3614 scelerosum

208 3635 258 3699 Ac
284 3637 391 3721 eoepit
413 3637 521 3702 verbis
543 3636 633 3701 illurn
656 3637 798 3720 rogitare
822 3636 981 3720 benignis,

207 3721 289 3787 Post
310 3724 416 3788 scelus
439 3723 480 3787 ad
504 3721 666 3787 Christum
689 3723 789 3787 vellet
812 3722 839 3786 si
859 3730 988 3788 vertere
1010 3741 1150 3786 sensum.

126 3835 135 3873 r
208 3806 282 3884 Qui,
306 3830 342 3873 se
365 3810 484 3874 salvari
506 3808 693 3895 desperans,
717 3808 845 3873 dixerat
867 3809 927 3873 illi:

207 3894 256 3960 ‘si
279 3903 391 3982 posset
413 3896 493 3976 fieri,
516 3897 689 3961 voluissem
712 3902 822 3960 mente
845 3895 973 3969 libenti;

186 4065 236 4119 147
263 4076 332 4120 secte
355 4067 399 4118 M.-
420 4068 522 4121 corrcoei
544 4067 602 4120 rou.
632 4066 746 4132 Theoph.
768 4070 829 4127 2615
855 4068 889 4133 cs.
913 4064 967 4117 iod.
989 4064 1056 4117 verb.
1079 4081 1099 4116 c.
1122 4082 1145 4118 o.
1168 4074 1239 4118 secta

125 4137 147 4188 a
166 4145 256 4189 natata
273 4137 336 4204 ΜΨ
425 4136 475 4190 165
492 4137 612 4202 celabrall
629 4136 663 4186 M

125 4347 149 4401 u
165 4276 376 4415 0l⁴⁹mssrl⁰⁸
390 4280 447 4330 m
551 4275 603 4331 153
623 4280 658 4345 οἷ’
681 4276 861 4342 Tmpm·
968 4272 1237 4342 ¹⁶⁵⁰s·1>i⁰”·172·

151 4432 341 4489 Haorsvrrsss
360 4447 453 4486 orsas.
1067 4429 1084 4483 6
