<?xml version="1.0" encoding="UTF-8"?>
<!DOCTYPE html PUBLIC "-//W3C//DTD XHTML 1.0 Transitional//EN"
    "http://www.w3.org/TR/xhtml1/DTD/xhtml1-transitional.dtd">
<html xmlns="http://www.w3.org/1999/xhtml" xml:lang="en" lang="en">
 <head>
  <title>
</title>
<meta http-equiv="Content-Type" content="text/html;charset=utf-8" />
  <meta name='ocr-system' content='tesseract 3.04.00' />
  <meta name='ocr-capabilities' content='ocr_page ocr_carea ocr_par ocr_line ocrx_word'/>
</head>
<body>
  <div class='ocr_page' id='page_1' title='image "./hrotsvithaeoper02hrotgoog_0049.png"; bbox 0 0 2910 5024; ppageno 0'>
   <div class='ocr_carea' id='block_1_1' title="bbox 516 341 925 402">
    <p class='ocr_par' dir='ltr' id='par_1_1' title="bbox 516 341 925 402">
     <span class='ocr_line' id='line_1_1' title="bbox 516 341 925 402; baseline -0.007 -2"><span class='ocrx_word' id='word_1_1' title='bbox 516 343 777 402; x_wconf 79' lang='lat' dir='ltr'>HBOTSVITHAE</span> <span class='ocrx_word' id='word_1_2' title='bbox 796 341 925 398; x_wconf 76' lang='lat' dir='ltr'>OPERA.</span> 
     </span>
    </p>
   </div>
   <div class='ocr_carea' id='block_1_2' title="bbox 263 516 1335 3812">
    <p class='ocr_par' dir='ltr' id='par_1_2' title="bbox 263 516 1335 3812">
     <span class='ocr_line' id='line_1_2' title="bbox 265 516 933 603; baseline -0.006 -20"><span class='ocrx_word' id='word_1_3' title='bbox 265 518 444 583; x_wconf 86' lang='lat' dir='ltr'>Suaserunt</span> <span class='ocrx_word' id='word_1_4' title='bbox 465 518 512 582; x_wconf 92' lang='lat' dir='ltr'>illi</span> <span class='ocrx_word' id='word_1_5' title='bbox 533 518 626 582; x_wconf 89' lang='lat' dir='ltr'>iussis</span> <span class='ocrx_word' id='word_1_6' title='bbox 648 537 764 603; x_wconf 86' lang='lat' dir='ltr'>parere</span> <span class='ocrx_word' id='word_1_7' title='bbox 787 537 824 580; x_wconf 91' lang='lat' dir='ltr'>su</span> <span class='ocrx_word' id='word_1_8' title='bbox 849 516 933 580; x_wconf 89' lang='lat' dir='ltr'>ernis</span> 
     </span>
     <span class='ocr_line' id='line_1_3' title="bbox 263 537 1080 754; baseline -0.004 -84"><span class='ocrx_word' id='word_1_9' title='bbox 263 604 307 670; x_wconf 83' lang='lat' dir='ltr'>Ilt</span> <span class='ocrx_word' id='word_1_10' title='bbox 328 604 441 691; x_wconf 85' lang='lat' dir='ltr'>rapido</span> <span class='ocrx_word' id='word_1_11' title='bbox 464 605 602 691; x_wconf 85' lang='lat' dir='ltr'>patriam</span> <span class='ocrx_word' id='word_1_12' title='bbox 626 625 720 669; x_wconf 92' lang='lat' dir='ltr'>cursu</span> <span class='ocrx_word' id='word_1_13' title='bbox 741 537 900 754; x_wconf 64' lang='lat' dir='ltr'>repedare</span> <span class='ocrx_word' id='word_1_14' title='bbox 923 603 1080 668; x_wconf 86' lang='lat' dir='ltr'>relictam.</span> 
     </span>
     <span class='ocr_line' id='line_1_4' title="bbox 264 690 1072 777; baseline -0.001 -21"><span class='ocrx_word' id='word_1_15' title='bbox 264 691 337 775; x_wconf 82' lang='lat' dir='ltr'>Qui,</span> <span class='ocrx_word' id='word_1_16' title='bbox 361 692 515 777; x_wconf 78' lang='lat' dir='ltr'>gregibus</span> <span class='ocrx_word' id='word_1_17' title='bbox 537 691 640 771; x_wconf 85' lang='lat' dir='ltr'>lectis,</span> <span class='ocrx_word' id='word_1_18' title='bbox 664 691 751 754; x_wconf 78' lang='lat' dir='ltr'>silvis</span> <span class='ocrx_word' id='word_1_19' title='bbox 796 690 922 753; x_wconf 90' lang='lat' dir='ltr'>iscessit</span> <span class='ocrx_word' id='word_1_20' title='bbox 944 690 986 753; x_wconf 85' lang='lat' dir='ltr'>ab</span> <span class='ocrx_word' id='word_1_21' title='bbox 1008 690 1072 755; x_wconf 88' lang='lat' dir='ltr'>illis</span> 
     </span>
     <span class='ocr_line' id='line_1_5' title="bbox 263 775 1082 864; baseline -0.001 -21"><span class='ocrx_word' id='word_1_22' title='bbox 263 780 313 844; x_wconf 88' lang='lat' dir='ltr'>Ac</span> <span class='ocrx_word' id='word_1_23' title='bbox 335 778 482 864; x_wconf 89' lang='lat' dir='ltr'>gaudens</span> <span class='ocrx_word' id='word_1_24' title='bbox 504 798 623 863; x_wconf 89' lang='lat' dir='ltr'>pueros</span> <span class='ocrx_word' id='word_1_25' title='bbox 646 798 756 842; x_wconf 87' lang='lat' dir='ltr'>aecum</span> <span class='ocrx_word' id='word_1_26' title='bbox 780 775 962 841; x_wconf 86' lang='lat' dir='ltr'>deduxerat</span> <span class='ocrx_word' id='word_1_27' title='bbox 983 778 1082 862; x_wconf 91' lang='lat' dir='ltr'>ipsos.</span> 
     </span>
     <span class='ocr_line' id='line_1_6' title="bbox 263 862 1087 949; baseline -0.002 -19"><span class='ocrx_word' id='word_1_28' title='bbox 263 865 306 930; x_wconf 80' lang='lat' dir='ltr'>nt</span> <span class='ocrx_word' id='word_1_29' title='bbox 328 887 401 930; x_wconf 93' lang='lat' dir='ltr'>cum</span> <span class='ocrx_word' id='word_1_30' title='bbox 423 866 612 929; x_wconf 76' lang='lat' dir='ltr'><strong>transissent</strong></span> <span class='ocrx_word' id='word_1_31' title='bbox 634 865 773 949; x_wconf 89' lang='lat' dir='ltr'>spatium</span> <span class='ocrx_word' id='word_1_32' title='bbox 797 864 929 948; x_wconf 88' lang='lat' dir='ltr'>triginta</span> <span class='ocrx_word' id='word_1_33' title='bbox 952 862 1087 946; x_wconf 80' lang='lat' dir='ltr'>diarum¹</span> 
     </span>
     <span class='ocr_line' id='line_1_7' title="bbox 264 948 1032 1038; baseline -0.003 -21"><span class='ocrx_word' id='word_1_34' title='bbox 264 953 411 1038; x_wconf 81' lang='lat' dir='ltr'>Angelus</span> <span class='ocrx_word' id='word_1_35' title='bbox 434 953 539 1016; x_wconf 89' lang='lat' dir='ltr'>oranti</span> <span class='ocrx_word' id='word_1_36' title='bbox 561 958 691 1016; x_wconf 89' lang='lat' dir='ltr'>sanctae</span> <span class='ocrx_word' id='word_1_37' title='bbox 715 950 895 1036; x_wconf 79' lang='lat' dir='ltr'>comparuit</span> <span class='ocrx_word' id='word_1_38' title='bbox 916 948 1032 1015; x_wconf 85' lang='lat' dir='ltr'>Annae</span> 
     </span>
     <span class='ocr_line' id='line_1_8' title="bbox 265 1037 1036 1124; baseline -0.004 -20"><span class='ocrx_word' id='word_1_39' title='bbox 265 1039 309 1104; x_wconf 80' lang='lat' dir='ltr'>nt</span> <span class='ocrx_word' id='word_1_40' title='bbox 330 1060 402 1104; x_wconf 89' lang='lat' dir='ltr'>cum</span> <span class='ocrx_word' id='word_1_41' title='bbox 424 1038 567 1124; x_wconf 87' lang='lat' dir='ltr'>pacificis</span> <span class='ocrx_word' id='word_1_42' title='bbox 591 1037 792 1124; x_wconf 83' lang='lat' dir='ltr'>deprompsit</span> <span class='ocrx_word' id='word_1_43' title='bbox 814 1037 892 1101; x_wconf 86' lang='lat' dir='ltr'>talia</span> <span class='ocrx_word' id='word_1_44' title='bbox 914 1037 1036 1101; x_wconf 83' lang='lat' dir='ltr'>verbis:</span> 
     </span>
     <span class='ocr_line' id='line_1_9' title="bbox 263 1125 1154 1212; baseline -0.001 -22"><span class='ocrx_word' id='word_1_45' title='bbox 263 1125 464 1212; x_wconf 85' lang='lat' dir='ltr'>‘Exsurgens</span> <span class='ocrx_word' id='word_1_46' title='bbox 486 1126 603 1206; x_wconf 84' lang='lat' dir='ltr'>animo,</span> <span class='ocrx_word' id='word_1_47' title='bbox 627 1125 717 1189; x_wconf 85' lang='lat' dir='ltr'>vultu</span> <span class='ocrx_word' id='word_1_48' title='bbox 762 1144 880 1209; x_wconf 87' lang='lat' dir='ltr'>noque,</span> <span class='ocrx_word' id='word_1_49' title='bbox 903 1144 1016 1210; x_wconf 89' lang='lat' dir='ltr'>perge,</span> <span class='ocrx_word' id='word_1_50' title='bbox 1038 1145 1154 1190; x_wconf 89' lang='lat' dir='ltr'>sereno</span> 
     </span>
     <span class='ocr_line' id='line_1_10' title="bbox 264 1145 1113 1299; baseline 0 -22"><span class='ocrx_word' id='word_1_51' title='bbox 264 1212 318 1277; x_wconf 80' lang='lat' dir='ltr'>Ad</span> <span class='ocrx_word' id='word_1_52' title='bbox 340 1219 468 1299; x_wconf 89' lang='lat' dir='ltr'>portam</span> <span class='ocrx_word' id='word_1_53' title='bbox 491 1213 608 1293; x_wconf 87' lang='lat' dir='ltr'>subito,</span> <span class='ocrx_word' id='word_1_54' title='bbox 632 1232 715 1297; x_wconf 89' lang='lat' dir='ltr'>quae</span> <span class='ocrx_word' id='word_1_55' title='bbox 739 1145 856 1275; x_wconf 84' lang='lat' dir='ltr'>dicitur</span> <span class='ocrx_word' id='word_1_56' title='bbox 877 1230 977 1275; x_wconf 86' lang='lat' dir='ltr'>aurea</span> <span class='ocrx_word' id='word_1_57' title='bbox 998 1213 1113 1298; x_wconf 83' lang='lat' dir='ltr'>vulg0;</span> 
     </span>
     <span class='ocr_line' id='line_1_11' title="bbox 265 1299 1098 1382; baseline -0.001 -19"><span class='ocrx_word' id='word_1_58' title='bbox 265 1300 337 1363; x_wconf 91' lang='lat' dir='ltr'>Illic</span> <span class='ocrx_word' id='word_1_59' title='bbox 359 1299 443 1364; x_wconf 86' lang='lat' dir='ltr'>forto</span> <span class='ocrx_word' id='word_1_60' title='bbox 466 1305 556 1363; x_wconf 89' lang='lat' dir='ltr'>tuum</span> <span class='ocrx_word' id='word_1_61' title='bbox 581 1318 706 1362; x_wconf 85' lang='lat' dir='ltr'>summa</span> <span class='ocrx_word' id='word_1_62' title='bbox 731 1318 803 1361; x_wconf 92' lang='lat' dir='ltr'>cum</span> <span class='ocrx_word' id='word_1_63' title='bbox 826 1317 908 1382; x_wconf 89' lang='lat' dir='ltr'>pace</span> <span class='ocrx_word' id='word_1_64' title='bbox 931 1318 1098 1362; x_wconf 79' lang='lat' dir='ltr'>reversum</span> 
     </span>
     <span class='ocr_line' id='line_1_12' title="bbox 264 1384 1163 1471; baseline -0.002 -21"><span class='ocrx_word' id='word_1_65' title='bbox 264 1386 424 1471; x_wconf 87' lang='lat' dir='ltr'>Logalem</span> <span class='ocrx_word' id='word_1_66' title='bbox 447 1384 611 1450; x_wconf 89' lang='lat' dir='ltr'>dominum</span> <span class='ocrx_word' id='word_1_67' title='bbox 633 1404 711 1448; x_wconf 88' lang='lat' dir='ltr'>mox</span> <span class='ocrx_word' id='word_1_68' title='bbox 735 1385 914 1469; x_wconf 80' lang='lat' dir='ltr'>comperies</span> <span class='ocrx_word' id='word_1_69' title='bbox 937 1385 1007 1449; x_wconf 86' lang='lat' dir='ltr'>foro</span> <span class='ocrx_word' id='word_1_70' title='bbox 1029 1386 1163 1451; x_wconf 69' lang='lat' dir='ltr'>vivum?</span> 
     </span>
     <span class='ocr_line' id='line_1_13' title="bbox 268 1470 1132 1556; baseline -0.001 -19"><span class='ocrx_word' id='word_1_71' title='bbox 268 1471 360 1546; x_wconf 85' lang='lat' dir='ltr'>Quae</span> <span class='ocrx_word' id='word_1_72' title='bbox 384 1472 476 1537; x_wconf 88' lang='lat' dir='ltr'>citius</span> <span class='ocrx_word' id='word_1_73' title='bbox 499 1470 585 1535; x_wconf 91' lang='lat' dir='ltr'>dicto</span> <span class='ocrx_word' id='word_1_74' title='bbox 607 1471 728 1535; x_wconf 91' lang='lat' dir='ltr'>iussum</span> <span class='ocrx_word' id='word_1_75' title='bbox 751 1471 926 1556; x_wconf 79' lang='lat' dir='ltr'>complevit</span> <span class='ocrx_word' id='word_1_76' title='bbox 947 1471 1132 1553; x_wconf 86' lang='lat' dir='ltr'>amandum,</span> 
     </span>
     <span class='ocr_line' id='line_1_14' title="bbox 265 1557 1152 1644; baseline 0.002 -22"><span class='ocrx_word' id='word_1_77' title='bbox 265 1558 508 1644; x_wconf 75' lang='lat' dir='ltr'>Impatiensque</span> <span class='ocrx_word' id='word_1_78' title='bbox 531 1577 643 1622; x_wconf 89' lang='lat' dir='ltr'>morae</span> <span class='ocrx_word' id='word_1_79' title='bbox 666 1559 812 1643; x_wconf 88' lang='lat' dir='ltr'>perrexit</span> <span class='ocrx_word' id='word_1_80' title='bbox 833 1557 875 1621; x_wconf 89' lang='lat' dir='ltr'>ad</span> <span class='ocrx_word' id='word_1_81' title='bbox 898 1557 1004 1622; x_wconf 86' lang='lat' dir='ltr'>hostia</span> <span class='ocrx_word' id='word_1_82' title='bbox 1025 1565 1152 1644; x_wconf 87' lang='lat' dir='ltr'>portae,</span> 
     </span>
     <span class='ocr_line' id='line_1_15' title="bbox 266 1644 1327 1729; baseline 0.002 -20"><span class='ocrx_word' id='word_1_83' title='bbox 266 1645 471 1710; x_wconf 84' lang='lat' dir='ltr'>Praestolata</span> <span class='ocrx_word' id='word_1_84' title='bbox 491 1666 586 1709; x_wconf 88' lang='lat' dir='ltr'>suum</span> <span class='ocrx_word' id='word_1_85' title='bbox 610 1645 724 1729; x_wconf 83' lang='lat' dir='ltr'>gavisa</span> <span class='ocrx_word' id='word_1_86' title='bbox 747 1650 856 1708; x_wconf 87' lang='lat' dir='ltr'>mente</span> <span class='ocrx_word' id='word_1_87' title='bbox 879 1649 1061 1729; x_wconf 87' lang='lat' dir='ltr'>patronum.</span> <span class='ocrx_word' id='word_1_88' title='bbox 1288 1644 1327 1711; x_wconf 70' lang='lat'>(⁰¹-</span> 
     </span>
     <span class='ocr_line' id='line_1_16' title="bbox 311 1730 1165 1817; baseline -0.001 -20"><span class='ocrx_word' id='word_1_89' title='bbox 311 1730 442 1797; x_wconf 85' lang='lat' dir='ltr'>Scilicet</span> <span class='ocrx_word' id='word_1_90' title='bbox 464 1733 608 1796; x_wconf 88' lang='lat' dir='ltr'>attonitis</span> <span class='ocrx_word' id='word_1_91' title='bbox 634 1751 731 1817; x_wconf 90' lang='lat' dir='ltr'>quem</span> <span class='ocrx_word' id='word_1_92' title='bbox 754 1752 826 1795; x_wconf 93' lang='lat' dir='ltr'>cum</span> <span class='ocrx_word' id='word_1_93' title='bbox 850 1732 1021 1816; x_wconf 81' lang='lat' dir='ltr'>conspexit</span> <span class='ocrx_word' id='word_1_94' title='bbox 1043 1731 1165 1811; x_wconf 77' lang='lat' dir='ltr'>ocellis,</span> 
     </span>
     <span class='ocr_line' id='line_1_17' title="bbox 268 1817 1092 1905; baseline -0.001 -22"><span class='ocrx_word' id='word_1_95' title='bbox 268 1818 352 1883; x_wconf 81' lang='lat' dir='ltr'>(lero</span> <span class='ocrx_word' id='word_1_96' title='bbox 377 1819 562 1904; x_wconf 89' lang='lat' dir='ltr'>florigerum</span> <span class='ocrx_word' id='word_1_97' title='bbox 586 1824 789 1905; x_wconf 90' lang='lat' dir='ltr'>percurrerat</span> <span class='ocrx_word' id='word_1_98' title='bbox 812 1817 908 1882; x_wconf 83' lang='lat' dir='ltr'>obvia</span> <span class='ocrx_word' id='word_1_99' title='bbox 931 1837 1092 1903; x_wconf 87' lang='lat' dir='ltr'>campum,</span> 
     </span>
     <span class='ocr_line' id='line_1_18' title="bbox 268 1903 993 1991; baseline -0.001 -23"><span class='ocrx_word' id='word_1_100' title='bbox 268 1905 374 1991; x_wconf 91' lang='lat' dir='ltr'>Ipsius</span> <span class='ocrx_word' id='word_1_101' title='bbox 396 1911 430 1969; x_wconf 89' lang='lat' dir='ltr'>et</span> <span class='ocrx_word' id='word_1_102' title='bbox 453 1906 536 1970; x_wconf 93' lang='lat' dir='ltr'>collo</span> <span class='ocrx_word' id='word_1_103' title='bbox 559 1924 632 1969; x_wconf 85' lang='lat' dir='ltr'>sese</span> <span class='ocrx_word' id='word_1_104' title='bbox 655 1903 823 1989; x_wconf 90' lang='lat' dir='ltr'>suspendit</span> <span class='ocrx_word' id='word_1_105' title='bbox 844 1903 993 1985; x_wconf 84' lang='lat' dir='ltr'>amando,</span> 
     </span>
     <span class='ocr_line' id='line_1_19' title="bbox 270 1990 1064 2077; baseline -0.003 -21"><span class='ocrx_word' id='word_1_106' title='bbox 270 1992 455 2056; x_wconf 88' lang='lat' dir='ltr'>Altithrono</span> <span class='ocrx_word' id='word_1_107' title='bbox 480 1997 589 2077; x_wconf 89' lang='lat' dir='ltr'>grates</span> <span class='ocrx_word' id='word_1_108' title='bbox 612 1990 779 2055; x_wconf 88' lang='lat' dir='ltr'>reddendo</span> <span class='ocrx_word' id='word_1_109' title='bbox 804 1990 943 2077; x_wconf 89' lang='lat' dir='ltr'>denique</span> <span class='ocrx_word' id='word_1_110' title='bbox 966 1992 1064 2056; x_wconf 86' lang='lat' dir='ltr'>tales:</span> 
     </span>
     <span class='ocr_line' id='line_1_20' title="bbox 270 2077 1164 2163; baseline 0.001 -21"><span class='ocrx_word' id='word_1_111' title='bbox 270 2079 368 2142; x_wconf 86' lang='lat' dir='ltr'>‘Laus</span> <span class='ocrx_word' id='word_1_112' title='bbox 391 2079 460 2154; x_wconf 88' lang='lat' dir='ltr'>tibi,</span> <span class='ocrx_word' id='word_1_113' title='bbox 484 2085 670 2143; x_wconf 89' lang='lat' dir='ltr'>cunctorum</span> <span class='ocrx_word' id='word_1_114' title='bbox 693 2078 827 2163; x_wconf 90' lang='lat' dir='ltr'>largitor</span> <span class='ocrx_word' id='word_1_115' title='bbox 849 2098 973 2142; x_wconf 90' lang='lat' dir='ltr'>summe</span> <span class='ocrx_word' id='word_1_116' title='bbox 995 2077 1164 2160; x_wconf 85' lang='lat' dir='ltr'>bonorum,</span> 
     </span>
     <span class='ocr_line' id='line_1_21' title="bbox 274 2163 1107 2249; baseline -0.001 -20"><span class='ocrx_word' id='word_1_117' title='bbox 274 2165 338 2238; x_wconf 87' lang='lat' dir='ltr'>Qui</span> <span class='ocrx_word' id='word_1_118' title='bbox 360 2165 438 2230; x_wconf 91' lang='lat' dir='ltr'>mihi</span> <span class='ocrx_word' id='word_1_119' title='bbox 461 2186 525 2228; x_wconf 94' lang='lat' dir='ltr'>non</span> <span class='ocrx_word' id='word_1_120' title='bbox 548 2166 663 2229; x_wconf 89' lang='lat' dir='ltr'>merito</span> <span class='ocrx_word' id='word_1_121' title='bbox 688 2163 838 2228; x_wconf 88' lang='lat' dir='ltr'>concedis</span> <span class='ocrx_word' id='word_1_122' title='bbox 861 2163 981 2249; x_wconf 92' lang='lat' dir='ltr'>gaudia</span> <span class='ocrx_word' id='word_1_123' title='bbox 1003 2171 1107 2229; x_wconf 85' lang='lat' dir='ltr'>tanta!</span> 
     </span>
     <span class='ocr_line' id='line_1_22' title="bbox 272 2251 1186 2339; baseline 0.002 -24"><span class='ocrx_word' id='word_1_124' title='bbox 272 2251 358 2316; x_wconf 78' lang='lat' dir='ltr'>Ecce</span> <span class='ocrx_word' id='word_1_125' title='bbox 382 2253 485 2315; x_wconf 78' lang='lat' dir='ltr'>virum</span> <span class='ocrx_word' id='word_1_126' title='bbox 508 2253 672 2339; x_wconf 91' lang='lat' dir='ltr'>proprium</span> <span class='ocrx_word' id='word_1_127' title='bbox 695 2257 901 2336; x_wconf 81' lang='lat' dir='ltr'>praesentem</span> <span class='ocrx_word' id='word_1_128' title='bbox 925 2253 1028 2316; x_wconf 89' lang='lat' dir='ltr'>sentio</span> <span class='ocrx_word' id='word_1_129' title='bbox 1051 2253 1186 2332; x_wconf 83' lang='lat' dir='ltr'>salvum,</span> 
     </span>
     <span class='ocr_line' id='line_1_23' title="bbox 272 2337 1101 2425; baseline 0.004 -23"><span class='ocrx_word' id='word_1_130' title='bbox 272 2337 434 2424; x_wconf 83' lang='lat' dir='ltr'>Tempore</span> <span class='ocrx_word' id='word_1_131' title='bbox 459 2359 542 2425; x_wconf 88' lang='lat' dir='ltr'>quae</span> <span class='ocrx_word' id='word_1_132' title='bbox 565 2341 662 2424; x_wconf 94' lang='lat' dir='ltr'>longo</span> <span class='ocrx_word' id='word_1_133' title='bbox 685 2339 749 2401; x_wconf 91' lang='lat' dir='ltr'>iam</span> <span class='ocrx_word' id='word_1_134' title='bbox 772 2339 934 2424; x_wconf 86' lang='lat' dir='ltr'>permansi</span> <span class='ocrx_word' id='word_1_135' title='bbox 957 2338 1101 2406; x_wconf 85' lang='lat' dir='ltr'>viduata:</span> 
     </span>
     <span class='ocr_line' id='line_1_24' title="bbox 275 2424 1096 2511; baseline 0 -21"><span class='ocrx_word' id='word_1_136' title='bbox 275 2424 432 2511; x_wconf 88' lang='lat' dir='ltr'>Quaeque</span> <span class='ocrx_word' id='word_1_137' title='bbox 456 2426 502 2489; x_wconf 87' lang='lat' dir='ltr'>fui</span> <span class='ocrx_word' id='word_1_138' title='bbox 525 2427 652 2507; x_wconf 83' lang='lat' dir='ltr'>sterilis,</span> <span class='ocrx_word' id='word_1_139' title='bbox 675 2425 810 2510; x_wconf 88' lang='lat' dir='ltr'>concepi</span> <span class='ocrx_word' id='word_1_140' title='bbox 833 2424 952 2510; x_wconf 90' lang='lat' dir='ltr'>gaudia</span> <span class='ocrx_word' id='word_1_141' title='bbox 974 2426 1096 2510; x_wconf 78' lang='lat' dir='ltr'>prolis.³</span> 
     </span>
     <span class='ocr_line' id='line_1_25' title="bbox 274 2510 1066 2598; baseline 0 -22"><span class='ocrx_word' id='word_1_142' title='bbox 274 2511 409 2576; x_wconf 83' lang='lat' dir='ltr'>Talibus</span> <span class='ocrx_word' id='word_1_143' title='bbox 431 2511 548 2576; x_wconf 85' lang='lat' dir='ltr'>auditis</span> <span class='ocrx_word' id='word_1_144' title='bbox 572 2510 779 2598; x_wconf 83' lang='lat' dir='ltr'>congaudens</span> <span class='ocrx_word' id='word_1_145' title='bbox 803 2512 940 2576; x_wconf 91' lang='lat' dir='ltr'>concinit</span> <span class='ocrx_word' id='word_1_146' title='bbox 963 2513 1066 2576; x_wconf 81' lang='lat' dir='ltr'>omnis</span> 
     </span>
     <span class='ocr_line' id='line_1_26' title="bbox 273 2597 1146 2684; baseline 0.002 -22"><span class='ocrx_word' id='word_1_147' title='bbox 273 2599 372 2684; x_wconf 88' lang='lat' dir='ltr'>Plcps</span> <span class='ocrx_word' id='word_1_148' title='bbox 394 2598 550 2663; x_wconf 88' lang='lat' dir='ltr'>Hebraea</span> <span class='ocrx_word' id='word_1_149' title='bbox 574 2599 636 2664; x_wconf 92' lang='lat' dir='ltr'>deo</span> <span class='ocrx_word' id='word_1_150' title='bbox 659 2597 774 2662; x_wconf 85' lang='lat' dir='ltr'>laudes</span> <span class='ocrx_word' id='word_1_151' title='bbox 797 2619 869 2662; x_wconf 90' lang='lat' dir='ltr'>cum</span> <span class='ocrx_word' id='word_1_152' title='bbox 891 2605 1025 2684; x_wconf 88' lang='lat' dir='ltr'>pectore</span> <span class='ocrx_word' id='word_1_153' title='bbox 1047 2600 1146 2665; x_wconf 90' lang='lat' dir='ltr'>laeto.</span> 
     </span>
     <span class='ocr_line' id='line_1_27' title="bbox 315 2685 1110 2772; baseline 0.001 -23"><span class='ocrx_word' id='word_1_154' title='bbox 315 2685 395 2750; x_wconf 90' lang='lat' dir='ltr'>Post</span> <span class='ocrx_word' id='word_1_155' title='bbox 417 2686 499 2751; x_wconf 90' lang='lat' dir='ltr'>haec</span> <span class='ocrx_word' id='word_1_156' title='bbox 521 2707 648 2750; x_wconf 84' lang='lat' dir='ltr'>noveno</span> <span class='ocrx_word' id='word_1_157' title='bbox 671 2691 819 2772; x_wconf 87' lang='lat' dir='ltr'>percerte</span> <span class='ocrx_word' id='word_1_158' title='bbox 842 2705 954 2749; x_wconf 92' lang='lat' dir='ltr'>mense</span> <span class='ocrx_word' id='word_1_159' title='bbox 977 2693 1110 2770; x_wconf 87' lang='lat' dir='ltr'>peracto</span> 
     </span>
     <span class='ocr_line' id='line_1_28' title="bbox 276 2771 1101 2858; baseline 0.001 -23"><span class='ocrx_word' id='word_1_160' title='bbox 276 2771 377 2837; x_wconf 86' lang='lat' dir='ltr'>Venit</span> <span class='ocrx_word' id='word_1_161' title='bbox 399 2793 524 2837; x_wconf 90' lang='lat' dir='ltr'>summa</span> <span class='ocrx_word' id='word_1_162' title='bbox 546 2772 625 2854; x_wconf 84' lang='lat' dir='ltr'>dies,</span> <span class='ocrx_word' id='word_1_163' title='bbox 644 2774 677 2837; x_wconf 93' lang='lat' dir='ltr'>in</span> <span class='ocrx_word' id='word_1_164' title='bbox 700 2794 764 2857; x_wconf 90' lang='lat' dir='ltr'>qua</span> <span class='ocrx_word' id='word_1_165' title='bbox 786 2771 983 2858; x_wconf 88' lang='lat' dir='ltr'>praenobilis</span> <span class='ocrx_word' id='word_1_166' title='bbox 1006 2773 1101 2836; x_wconf 82' lang='lat' dir='ltr'>Anna</span> 
     </span>
     <span class='ocr_line' id='line_1_29' title="bbox 274 2858 1119 2944; baseline 0.002 -21"><span class='ocrx_word' id='word_1_167' title='bbox 274 2859 453 2944; x_wconf 91' lang='lat' dir='ltr'>Progenuit</span> <span class='ocrx_word' id='word_1_168' title='bbox 475 2867 584 2924; x_wconf 90' lang='lat' dir='ltr'>natam</span> <span class='ocrx_word' id='word_1_169' title='bbox 608 2861 729 2924; x_wconf 91' lang='lat' dir='ltr'>cunctis</span> <span class='ocrx_word' id='word_1_170' title='bbox 752 2859 866 2923; x_wconf 90' lang='lat' dir='ltr'>saeclis</span> <span class='ocrx_word' id='word_1_171' title='bbox 889 2858 1119 2925; x_wconf 85' lang='lat' dir='ltr'>venerandam.</span> 
     </span>
     <span class='ocr_line' id='line_1_30' title="bbox 272 2945 994 3032; baseline -0.001 -22"><span class='ocrx_word' id='word_1_172' title='bbox 272 2945 417 3031; x_wconf 89' lang='lat' dir='ltr'>Postque</span> <span class='ocrx_word' id='word_1_173' title='bbox 440 2945 509 3010; x_wconf 91' lang='lat' dir='ltr'>dies</span> <span class='ocrx_word' id='word_1_174' title='bbox 532 2953 604 3011; x_wconf 91' lang='lat' dir='ltr'>octo</span> <span class='ocrx_word' id='word_1_175' title='bbox 628 2947 722 3032; x_wconf 91' lang='lat' dir='ltr'>primi</span> <span class='ocrx_word' id='word_1_176' title='bbox 745 2966 865 3010; x_wconf 83' lang='lat' dir='ltr'>venere</span> <span class='ocrx_word' id='word_1_177' title='bbox 888 2946 994 3010; x_wconf 86' lang='lat' dir='ltr'>vocati</span> 
     </span>
     <span class='ocr_line' id='line_1_31' title="bbox 272 3032 1052 3118; baseline 0 -21"><span class='ocrx_word' id='word_1_178' title='bbox 272 3032 458 3114; x_wconf 87' lang='lat' dir='ltr'>Pontifices,</span> <span class='ocrx_word' id='word_1_179' title='bbox 482 3041 592 3097; x_wconf 87' lang='lat' dir='ltr'>tantae</span> <span class='ocrx_word' id='word_1_180' title='bbox 615 3034 709 3097; x_wconf 89' lang='lat' dir='ltr'>solito</span> <span class='ocrx_word' id='word_1_181' title='bbox 733 3034 787 3118; x_wconf 95' lang='lat' dir='ltr'>qui</span> <span class='ocrx_word' id='word_1_182' title='bbox 808 3052 899 3096; x_wconf 87' lang='lat' dir='ltr'>more</span> <span class='ocrx_word' id='word_1_183' title='bbox 922 3033 1052 3118; x_wconf 89' lang='lat' dir='ltr'>puellae</span> 
     </span>
     <span class='ocr_line' id='line_1_32' title="bbox 271 3118 1192 3207; baseline 0 -25"><span class='ocrx_word' id='word_1_184' title='bbox 271 3118 399 3184; x_wconf 89' lang='lat' dir='ltr'>Nomen</span> <span class='ocrx_word' id='word_1_185' title='bbox 423 3127 457 3185; x_wconf 91' lang='lat' dir='ltr'>et</span> <span class='ocrx_word' id='word_1_186' title='bbox 479 3128 639 3206; x_wconf 79' lang='lat' dir='ltr'>aptarent,</span> <span class='ocrx_word' id='word_1_187' title='bbox 663 3121 766 3207; x_wconf 90' lang='lat' dir='ltr'>ipsam</span> <span class='ocrx_word' id='word_1_188' title='bbox 791 3139 922 3204; x_wconf 91' lang='lat' dir='ltr'>quoque</span> <span class='ocrx_word' id='word_1_189' title='bbox 945 3119 1192 3185; x_wconf 87' lang='lat' dir='ltr'>sanctificarent.</span> 
     </span>
     <span class='ocr_line' id='line_1_33' title="bbox 273 3205 1161 3291; baseline -0.001 -21"><span class='ocrx_word' id='word_1_190' title='bbox 273 3205 352 3280; x_wconf 83' lang='lat' dir='ltr'>Quis</span> <span class='ocrx_word' id='word_1_191' title='bbox 374 3207 519 3271; x_wconf 89' lang='lat' dir='ltr'>Ioachim</span> <span class='ocrx_word' id='word_1_192' title='bbox 565 3208 691 3272; x_wconf 87' lang='lat' dir='ltr'>reculas</span> <span class='ocrx_word' id='word_1_193' title='bbox 713 3205 796 3270; x_wconf 88' lang='lat' dir='ltr'>fudit</span> <span class='ocrx_word' id='word_1_194' title='bbox 817 3206 1043 3291; x_wconf 86' lang='lat' dir='ltr'>praesentibus</span> <span class='ocrx_word' id='word_1_195' title='bbox 1065 3207 1161 3271; x_wconf 86' lang='lat' dir='ltr'>istas:</span> 
     </span>
     <span class='ocr_line' id='line_1_34' title="bbox 271 3292 1064 3379; baseline 0.003 -23"><span class='ocrx_word' id='word_1_196' title='bbox 271 3292 356 3357; x_wconf 85' lang='lat' dir='ltr'>‘Rex</span> <span class='ocrx_word' id='word_1_197' title='bbox 380 3294 472 3373; x_wconf 82' lang='lat' dir='ltr'>caeli,</span> <span class='ocrx_word' id='word_1_198' title='bbox 496 3301 545 3358; x_wconf 90' lang='lat' dir='ltr'>ste</span> <span class='ocrx_word' id='word_1_199' title='bbox 572 3295 597 3357; x_wconf 83' lang='lat' dir='ltr'>&#39;s</span> <span class='ocrx_word' id='word_1_200' title='bbox 621 3294 708 3358; x_wconf 93' lang='lat' dir='ltr'>solus</span> <span class='ocrx_word' id='word_1_201' title='bbox 732 3295 786 3379; x_wconf 92' lang='lat' dir='ltr'>qui</span> <span class='ocrx_word' id='word_1_202' title='bbox 808 3293 939 3357; x_wconf 90' lang='lat' dir='ltr'>nomina</span> <span class='ocrx_word' id='word_1_203' title='bbox 960 3294 1064 3377; x_wconf 89' lang='lat' dir='ltr'>ponis,</span> 
     </span>
     <span class='ocr_line' id='line_1_35' title="bbox 274 3379 977 3464; baseline 0.001 -22"><span class='ocrx_word' id='word_1_204' title='bbox 274 3379 369 3443; x_wconf 89' lang='lat' dir='ltr'>lstius</span> <span class='ocrx_word' id='word_1_205' title='bbox 393 3387 526 3445; x_wconf 87' lang='lat' dir='ltr'>tenerae</span> <span class='ocrx_word' id='word_1_206' title='bbox 549 3401 668 3445; x_wconf 89' lang='lat' dir='ltr'>nomen</span> <span class='ocrx_word' id='word_1_207' title='bbox 692 3380 825 3464; x_wconf 91' lang='lat' dir='ltr'>dignare</span> <span class='ocrx_word' id='word_1_208' title='bbox 847 3380 977 3464; x_wconf 89' lang='lat' dir='ltr'>puellae</span> 
     </span>
     <span class='ocr_line' id='line_1_36' title="bbox 273 3464 1087 3532; baseline -0.002 -2"><span class='ocrx_word' id='word_1_209' title='bbox 273 3464 416 3531; x_wconf 82' lang='lat' dir='ltr'>Caelitus</span> <span class='ocrx_word' id='word_1_210' title='bbox 438 3466 562 3532; x_wconf 90' lang='lat' dir='ltr'>indiciis</span> <span class='ocrx_word' id='word_1_211' title='bbox 608 3488 644 3531; x_wconf 93' lang='lat' dir='ltr'>er</span> <span class='ocrx_word' id='word_1_212' title='bbox 665 3474 698 3531; x_wconf 88' lang='lat' dir='ltr'>to</span> <span class='ocrx_word' id='word_1_213' title='bbox 722 3473 901 3531; x_wconf 89' lang='lat' dir='ltr'>monstrare</span> <span class='ocrx_word' id='word_1_214' title='bbox 925 3464 1087 3530; x_wconf 83' lang='lat' dir='ltr'>coruscis‘</span> 
     </span>
     <span class='ocr_line' id='line_1_37' title="bbox 315 3489 1147 3636; baseline -0.002 -19"><span class='ocrx_word' id='word_1_215' title='bbox 315 3552 465 3636; x_wconf 83' lang='lat' dir='ltr'>Dixerat,</span> <span class='ocrx_word' id='word_1_216' title='bbox 489 3561 522 3618; x_wconf 94' lang='lat' dir='ltr'>et</span> <span class='ocrx_word' id='word_1_217' title='bbox 544 3489 651 3619; x_wconf 69' lang='lat' dir='ltr'>audito</span> <span class='ocrx_word' id='word_1_218' title='bbox 675 3555 781 3618; x_wconf 92' lang='lat' dir='ltr'>sonuit</span> <span class='ocrx_word' id='word_1_219' title='bbox 803 3574 867 3616; x_wconf 81' lang='lat' dir='ltr'>vox</span> <span class='ocrx_word' id='word_1_220' title='bbox 890 3553 982 3616; x_wconf 86' lang='lat' dir='ltr'>fortis</span> <span class='ocrx_word' id='word_1_221' title='bbox 1004 3551 1045 3616; x_wconf 87' lang='lat' dir='ltr'>ab</span> <span class='ocrx_word' id='word_1_222' title='bbox 1069 3552 1147 3632; x_wconf 81' lang='lat' dir='ltr'>alto,</span> 
     </span>
     <span class='ocr_line' id='line_1_38' title="bbox 274 3638 1132 3725; baseline -0.002 -22"><span class='ocrx_word' id='word_1_223' title='bbox 274 3638 443 3723; x_wconf 82' lang='lat' dir='ltr'>Mandane,</span> <span class='ocrx_word' id='word_1_224' title='bbox 468 3641 633 3725; x_wconf 81' lang='lat' dir='ltr'>egregiam</span> <span class='ocrx_word' id='word_1_225' title='bbox 657 3640 792 3705; x_wconf 86' lang='lat' dir='ltr'>Mariam</span> <span class='ocrx_word' id='word_1_226' title='bbox 816 3640 954 3703; x_wconf 87' lang='lat' dir='ltr'>vocitare</span> <span class='ocrx_word' id='word_1_227' title='bbox 978 3639 1132 3724; x_wconf 87' lang='lat' dir='ltr'>puellam,</span> 
     </span>
     <span class='ocr_line' id='line_1_39' title="bbox 272 3724 1335 3812; baseline 0.002 -23"><span class='ocrx_word' id='word_1_228' title='bbox 272 3724 390 3791; x_wconf 84' lang='lat' dir='ltr'>‘Stella</span> <span class='ocrx_word' id='word_1_229' title='bbox 410 3727 519 3791; x_wconf 84' lang='lat' dir='ltr'>maris’</span> <span class='ocrx_word' id='word_1_230' title='bbox 540 3728 651 3812; x_wconf 90' lang='lat' dir='ltr'>lingua</span> <span class='ocrx_word' id='word_1_231' title='bbox 674 3726 759 3812; x_wconf 93' lang='lat' dir='ltr'>quod</span> <span class='ocrx_word' id='word_1_232' title='bbox 782 3733 938 3791; x_wconf 90' lang='lat' dir='ltr'>consonat</span> <span class='ocrx_word' id='word_1_233' title='bbox 960 3746 1038 3812; x_wconf 90' lang='lat' dir='ltr'>ergo</span> <span class='ocrx_word' id='word_1_234' title='bbox 1061 3726 1177 3797; x_wconf 89' lang='lat' dir='ltr'>latina;</span> <span class='ocrx_word' id='word_1_235' title='bbox 1299 3736 1335 3803; x_wconf 76' lang='lat' dir='ltr'>sol</span> 
     </span>
    </p>
   </div>
   <div class='ocr_carea' id='block_1_3' title="bbox 253 3949 1258 4003">
    <p class='ocr_par' dir='ltr' id='par_1_3' title="bbox 253 3949 1258 4003">
     <span class='ocr_line' id='line_1_40' title="bbox 253 3949 1258 4003; baseline 0 -2"><span class='ocrx_word' id='word_1_236' title='bbox 253 3949 305 4002; x_wconf 79' lang='lat'>243</span> <span class='ocrx_word' id='word_1_237' title='bbox 322 3952 455 4003; x_wconf 75' lang='lat' dir='ltr'>tremiscat</span> <span class='ocrx_word' id='word_1_238' title='bbox 476 3952 555 4003; x_wconf 65' lang='lat' dir='ltr'>cetae</span> <span class='ocrx_word' id='word_1_239' title='bbox 641 3950 693 4002; x_wconf 79' lang='lat'>253</span> <span class='ocrx_word' id='word_1_240' title='bbox 710 3953 833 4003; x_wconf 80' lang='lat' dir='ltr'>attonitus</span> <span class='ocrx_word' id='word_1_241' title='bbox 852 3951 892 4001; x_wconf 67' lang='grc' dir='ltr'>Μ’</span> <span class='ocrx_word' id='word_1_242' title='bbox 981 3950 1033 4002; x_wconf 81' lang='lat'>‘258</span> <span class='ocrx_word' id='word_1_243' title='bbox 1051 3953 1157 4002; x_wconf 80' lang='lat' dir='ltr'>meritae</span> <span class='ocrx_word' id='word_1_244' title='bbox 1177 3951 1258 4003; x_wconf 72' lang='lat' dir='ltr'>Calua</span> 
     </span>
    </p>
   </div>
   <div class='ocr_carea' id='block_1_4' title="bbox 168 4137 1303 4414">
    <p class='ocr_par' dir='ltr' id='par_1_4' title="bbox 168 4137 1303 4414">
     <span class='ocr_line' id='line_1_41' title="bbox 255 4137 1303 4205; baseline 0.002 -15"><span class='ocrx_word' id='word_1_245' title='bbox 255 4138 307 4190; x_wconf 79' lang='lat'>253</span> <span class='ocrx_word' id='word_1_246' title='bbox 324 4141 358 4204; x_wconf 76' lang='lat' dir='ltr'>cs.</span> <span class='ocrx_word' id='word_1_247' title='bbox 379 4141 460 4205; x_wconf 80' lang='lat' dir='ltr'>Gonq.</span> <span class='ocrx_word' id='word_1_248' title='bbox 475 4145 532 4201; x_wconf 77' lang='lat'>540,</span> <span class='ocrx_word' id='word_1_249' title='bbox 558 4139 671 4205; x_wconf 72' lang='lat' dir='ltr'>Theoph.</span> <span class='ocrx_word' id='word_1_250' title='bbox 685 4143 736 4190; x_wconf 76' lang='lat'>324</span> <span class='ocrx_word' id='word_1_251' title='bbox 755 4139 800 4202; x_wconf 89' lang='lat'>(=</span> <span class='ocrx_word' id='word_1_252' title='bbox 819 4158 870 4189; x_wconf 83' lang='lat' dir='ltr'>arc.</span> <span class='ocrx_word' id='word_1_253' title='bbox 887 4142 952 4202; x_wconf 83' lang='lat'><strong><em>123).</em></strong></span> <span class='ocrx_word' id='word_1_254' title='bbox 1039 4137 1090 4189; x_wconf 74' lang='lat'>256</span> <span class='ocrx_word' id='word_1_255' title='bbox 1108 4142 1143 4204; x_wconf 72' lang='lat' dir='ltr'>cs.</span> <span class='ocrx_word' id='word_1_256' title='bbox 1162 4139 1234 4190; x_wconf 82' lang='lat' dir='ltr'>Mar.</span> <span class='ocrx_word' id='word_1_257' title='bbox 1246 4143 1303 4192; x_wconf 81' lang='grc'><strong><em>188.</em></strong></span> 
     </span>
     <span class='ocr_line' id='line_1_42' title="bbox 168 4206 1303 4275; baseline -0.001 -14"><span class='ocrx_word' id='word_1_258' title='bbox 168 4206 219 4261; x_wconf 70' lang='lat'>284</span> <span class='ocrx_word' id='word_1_259' title='bbox 237 4226 288 4274; x_wconf 71' lang='lat' dir='ltr'>sqq.</span> <span class='ocrx_word' id='word_1_260' title='bbox 307 4210 342 4274; x_wconf 74' lang='lat' dir='ltr'>cs.</span> <span class='ocrx_word' id='word_1_261' title='bbox 361 4208 587 4275; x_wconf 74' lang='lat' dir='ltr'>Sctcdcp.14··.</span> <span class='ocrx_word' id='word_1_262' title='bbox 656 4207 708 4260; x_wconf 72' lang='lat'>265</span> <span class='ocrx_word' id='word_1_263' title='bbox 724 4212 759 4272; x_wconf 72' lang='lat' dir='ltr'>cf.</span> <span class='ocrx_word' id='word_1_264' title='bbox 773 4209 855 4260; x_wconf 76' lang='lat' dir='ltr'>Prud.</span> <span class='ocrx_word' id='word_1_265' title='bbox 874 4209 960 4273; x_wconf 76' lang='lat' dir='ltr'>apolli.</span> <span class='ocrx_word' id='word_1_266' title='bbox 971 4213 1020 4259; x_wconf 81' lang='lat'>601</span> <span class='ocrx_word' id='word_1_267' title='bbox 1037 4208 1082 4270; x_wconf 76' lang='lat' dir='ltr'>(dc</span> <span class='ocrx_word' id='word_1_268' title='bbox 1096 4208 1202 4261; x_wconf 71' lang='lat' dir='ltr'>Mariae</span> <span class='ocrx_word' id='word_1_269' title='bbox 1211 4216 1303 4275; x_wconf 75' lang='lat' dir='ltr'>partas)</span> 
     </span>
     <span class='ocr_line' id='line_1_43' title="bbox 168 4275 1302 4344; baseline 0 -14"><span class='ocrx_word' id='word_1_270' title='bbox 168 4279 273 4330; x_wconf 78' lang='lat' dir='ltr'>advenit</span> <span class='ocrx_word' id='word_1_271' title='bbox 297 4279 419 4344; x_wconf 78' lang='lat' dir='ltr'>promissa</span> <span class='ocrx_word' id='word_1_272' title='bbox 441 4280 503 4329; x_wconf 83' lang='lat' dir='ltr'>dics.</span> <span class='ocrx_word' id='word_1_273' title='bbox 589 4276 640 4329; x_wconf 77' lang='lat'>‘267</span> <span class='ocrx_word' id='word_1_274' title='bbox 664 4277 699 4338; x_wconf 81' lang='lat' dir='ltr'>cs.</span> <span class='ocrx_word' id='word_1_275' title='bbox 724 4279 793 4328; x_wconf 80' lang='lat' dir='ltr'>Mar.</span> <span class='ocrx_word' id='word_1_276' title='bbox 808 4283 863 4329; x_wconf 81' lang='lat'><em>295.</em></span> <span class='ocrx_word' id='word_1_277' title='bbox 952 4276 1004 4327; x_wconf 70' lang='lat'>968</span> <span class='ocrx_word' id='word_1_278' title='bbox 1021 4285 1121 4329; x_wconf 70' lang='lat' dir='ltr'>murac:</span> <span class='ocrx_word' id='word_1_279' title='bbox 1139 4277 1177 4329; x_wconf 75' lang='lat' dir='ltr'>‘cc</span> <span class='ocrx_word' id='word_1_280' title='bbox 1195 4275 1251 4337; x_wconf 57' lang='lat' dir='ltr'>alt}</span> <span class='ocrx_word' id='word_1_281' title='bbox 1268 4277 1302 4342; x_wconf 76' lang='lat' dir='ltr'>es.</span> 
     </span>
     <span class='ocr_line' id='line_1_44' title="bbox 171 4345 1179 4414; baseline 0.002 -16"><span class='ocrx_word' id='word_1_282' title='bbox 171 4347 241 4399; x_wconf 73' lang='lat' dir='ltr'>Mar.</span> <span class='ocrx_word' id='word_1_283' title='bbox 260 4350 316 4398; x_wconf 79' lang='grc'>422.</span> <span class='ocrx_word' id='word_1_284' title='bbox 404 4345 453 4398; x_wconf 73' lang='lat'>‘271</span> <span class='ocrx_word' id='word_1_285' title='bbox 473 4350 507 4414; x_wconf 75' lang='lat' dir='ltr'>cf.</span> <span class='ocrx_word' id='word_1_286' title='bbox 527 4347 666 4398; x_wconf 67' lang='lat' dir='ltr'>Mamm</span> <span class='ocrx_word' id='word_1_287' title='bbox 753 4346 803 4399; x_wconf 65' lang='lat'>236</span> <span class='ocrx_word' id='word_1_288' title='bbox 822 4352 856 4413; x_wconf 78' lang='lat' dir='ltr'>cs.</span> <span class='ocrx_word' id='word_1_289' title='bbox 875 4348 937 4398; x_wconf 82' lang='lat' dir='ltr'>adn.</span> <span class='ocrx_word' id='word_1_290' title='bbox 956 4347 993 4396; x_wconf 75' lang='lat' dir='ltr'>ad</span> <span class='ocrx_word' id='word_1_291' title='bbox 1012 4348 1075 4397; x_wconf 78' lang='lat' dir='ltr'>Aor.</span> <span class='ocrx_word' id='word_1_292' title='bbox 1092 4350 1109 4397; x_wconf 78' lang='lat'>2</span> <span class='ocrx_word' id='word_1_293' title='bbox 1126 4348 1179 4409; x_wconf 62' lang='lat' dir='ltr'>§d</span> 
     </span>
    </p>
   </div>
   <div class='ocr_carea' id='block_1_5' title="bbox 0 0 1476 5024">
    <p class='ocr_par' dir='ltr' id='par_1_5' title="bbox 0 0 1476 5024">
     <span class='ocr_line' id='line_1_45' title="bbox 0 0 1476 5024; baseline 0 0"><span class='ocrx_word' id='word_1_294' title='bbox 0 0 1476 5024; x_wconf 95' lang='lat' dir='ltr'> </span> 
     </span>
    </p>
   </div>
  </div>
 </body>
</html>
