<?xml version="1.0" encoding="UTF-8"?>
<!DOCTYPE html PUBLIC "-//W3C//DTD XHTML 1.0 Transitional//EN"
    "http://www.w3.org/TR/xhtml1/DTD/xhtml1-transitional.dtd">
<html xmlns="http://www.w3.org/1999/xhtml" xml:lang="en" lang="en">
 <head>
  <title>
</title>
<meta http-equiv="Content-Type" content="text/html;charset=utf-8" />
  <meta name='ocr-system' content='tesseract 3.04.00' />
  <meta name='ocr-capabilities' content='ocr_page ocr_carea ocr_par ocr_line ocrx_word'/>
</head>
<body>
  <div class='ocr_page' id='page_1' title='image "./hrotsvithaeoper02hrotgoog_0090.png"; bbox 0 0 2910 5024; ppageno 0'>
   <div class='ocr_carea' id='block_1_1' title="bbox 530 362 1202 430">
    <p class='ocr_par' dir='ltr' id='par_1_1' title="bbox 530 362 1202 430">
     <span class='ocr_line' id='line_1_1' title="bbox 530 362 1202 430; baseline -0.01 -14"><span class='ocrx_word' id='word_1_1' title='bbox 530 363 585 416; x_wconf 84' lang='lat'>14.</span> <span class='ocrx_word' id='word_1_2' title='bbox 603 362 741 430; x_wconf 53' lang='lat' dir='ltr'>Paucas.</span> <span class='ocrx_word' id='word_1_3' title='bbox 1167 363 1202 417; x_wconf 78' lang='lat'>53</span> 
     </span>
    </p>
   </div>
   <div class='ocr_carea' id='block_1_2' title="bbox 173 531 1311 3823">
    <p class='ocr_par' dir='ltr' id='par_1_2' title="bbox 173 531 1310 1747">
     <span class='ocr_line' id='line_1_2' title="bbox 177 531 946 623; baseline -0.009 -21"><span class='ocrx_word' id='word_1_4' title='bbox 177 531 238 612; x_wconf 83' lang='lat' dir='ltr'>Qui</span> <span class='ocrx_word' id='word_1_5' title='bbox 263 536 391 623; x_wconf 85' lang='lat' dir='ltr'>pridem</span> <span class='ocrx_word' id='word_1_6' title='bbox 412 536 528 600; x_wconf 88' lang='lat' dir='ltr'>merito</span> <span class='ocrx_word' id='word_1_7' title='bbox 551 536 652 619; x_wconf 81' lang='lat' dir='ltr'><strong>gessit</strong></span> <span class='ocrx_word' id='word_1_8' title='bbox 673 535 797 619; x_wconf 79' lang='lat' dir='ltr'>regalia</span> <span class='ocrx_word' id='word_1_9' title='bbox 818 539 946 618; x_wconf 89' lang='lat' dir='ltr'>sceptra</span> 
     </span>
     <span class='ocr_line' id='line_1_3' title="bbox 173 618 1310 706; baseline -0.006 -18"><span class='ocrx_word' id='word_1_10' title='bbox 173 623 215 688; x_wconf 79' lang='lat' dir='ltr'>Et</span> <span class='ocrx_word' id='word_1_11' title='bbox 239 624 330 689; x_wconf 86' lang='lat' dir='ltr'>cives</span> <span class='ocrx_word' id='word_1_12' title='bbox 351 623 443 686; x_wconf 92' lang='lat' dir='ltr'>iustis</span> <span class='ocrx_word' id='word_1_13' title='bbox 466 621 590 685; x_wconf 87' lang='lat' dir='ltr'><strong>domuit</strong></span> <span class='ocrx_word' id='word_1_14' title='bbox 612 628 690 706; x_wconf 93' lang='lat' dir='ltr'>quot</span> <span class='ocrx_word' id='word_1_15' title='bbox 712 629 860 706; x_wconf 91' lang='lat' dir='ltr'>tempora</span> <span class='ocrx_word' id='word_1_16' title='bbox 882 620 989 683; x_wconf 88' lang='lat' dir='ltr'>frenis.</span> <span class='ocrx_word' id='word_1_17' title='bbox 1200 618 1310 682; x_wconf 73' lang='lat' dir='ltr'>fateor</span> 
     </span>
     <span class='ocr_line' id='line_1_4' title="bbox 176 709 867 857; baseline -0.006 -83"><span class='ocrx_word' id='word_1_18' title='bbox 176 710 299 774; x_wconf 83' lang='lat' dir='ltr'><strong>Hostili</strong></span> <span class='ocrx_word' id='word_1_19' title='bbox 322 709 407 773; x_wconf 83' lang='lat' dir='ltr'>ferro</span> <span class='ocrx_word' id='word_1_20' title='bbox 430 714 518 772; x_wconf 89' lang='lat' dir='ltr'>certe</span> <span class='ocrx_word' id='word_1_21' title='bbox 543 729 605 792; x_wconf 93' lang='lat' dir='ltr'>quo</span> <span class='ocrx_word' id='word_1_22' title='bbox 628 709 692 772; x_wconf 94' lang='lat' dir='ltr'>iam</span> <span class='ocrx_word' id='word_1_23' title='bbox 715 714 867 857; x_wconf 71' lang='lat' dir='ltr'>sudperato</span> 
     </span>
     <span class='ocr_line' id='line_1_5' title="bbox 174 794 947 880; baseline -0.006 -19"><span class='ocrx_word' id='word_1_24' title='bbox 174 800 224 861; x_wconf 81' lang='lat' dir='ltr'>Ac</span> <span class='ocrx_word' id='word_1_25' title='bbox 246 797 307 861; x_wconf 88' lang='lat' dir='ltr'>reli</span> <span class='ocrx_word' id='word_1_26' title='bbox 331 817 372 859; x_wconf 93' lang='lat' dir='ltr'>uo</span> <span class='ocrx_word' id='word_1_27' title='bbox 396 796 481 860; x_wconf 83' lang='lat' dir='ltr'>victo</span> <span class='ocrx_word' id='word_1_28' title='bbox 505 801 594 858; x_wconf 89' lang='lat' dir='ltr'>tanta</span> <span class='ocrx_word' id='word_1_29' title='bbox 618 794 658 858; x_wconf 92' lang='lat' dir='ltr'>de</span> <span class='ocrx_word' id='word_1_30' title='bbox 682 815 739 858; x_wconf 89' lang='lat' dir='ltr'>cae</span> <span class='ocrx_word' id='word_1_31' title='bbox 764 815 782 857; x_wconf 89' lang='lat' dir='ltr'>e</span> <span class='ocrx_word' id='word_1_32' title='bbox 805 794 947 880; x_wconf 84' lang='lat' dir='ltr'>popello,</span> 
     </span>
     <span class='ocr_line' id='line_1_6' title="bbox 174 881 1125 965; baseline -0.005 -18"><span class='ocrx_word' id='word_1_33' title='bbox 174 884 302 948; x_wconf 83' lang='lat' dir='ltr'>Ductor</span> <span class='ocrx_word' id='word_1_34' title='bbox 347 881 513 946; x_wconf 87' lang='lat' dir='ltr'>arbaricae</span> <span class='ocrx_word' id='word_1_35' title='bbox 537 883 652 965; x_wconf 87' lang='lat' dir='ltr'>gentis,</span> <span class='ocrx_word' id='word_1_36' title='bbox 676 887 813 944; x_wconf 79' lang='lat' dir='ltr'>structor</span> <span class='ocrx_word' id='word_1_37' title='bbox 835 900 963 965; x_wconf 91' lang='lat' dir='ltr'>quoque</span> <span class='ocrx_word' id='word_1_38' title='bbox 986 899 1125 962; x_wconf 81' lang='lat' dir='ltr'>pugnae,</span> 
     </span>
     <span class='ocr_line' id='line_1_7' title="bbox 174 968 937 1054; baseline -0.003 -22"><span class='ocrx_word' id='word_1_39' title='bbox 174 969 234 1034; x_wconf 84' lang='lat' dir='ltr'>Vir</span> <span class='ocrx_word' id='word_1_40' title='bbox 257 975 308 1033; x_wconf 88' lang='lat' dir='ltr'>sat</span> <span class='ocrx_word' id='word_1_41' title='bbox 329 988 511 1054; x_wconf 80' lang='lat' dir='ltr'>perversus,</span> <span class='ocrx_word' id='word_1_42' title='bbox 534 969 601 1030; x_wconf 87' lang='lat' dir='ltr'>vita</span> <span class='ocrx_word' id='word_1_43' title='bbox 623 969 750 1052; x_wconf 85' lang='lat' dir='ltr'>rituque</span> <span class='ocrx_word' id='word_1_44' title='bbox 773 968 937 1052; x_wconf 78' lang='lat' dir='ltr'>profanus,</span> 
     </span>
     <span class='ocr_line' id='line_1_8' title="bbox 180 1054 985 1140; baseline -0.002 -22"><span class='ocrx_word' id='word_1_45' title='bbox 180 1055 334 1120; x_wconf 83' lang='lat' dir='ltr'>Vindicat</span> <span class='ocrx_word' id='word_1_46' title='bbox 356 1055 484 1140; x_wconf 88' lang='lat' dir='ltr'>imperii</span> <span class='ocrx_word' id='word_1_47' title='bbox 507 1063 625 1117; x_wconf 89' lang='lat' dir='ltr'>sortem</span> <span class='ocrx_word' id='word_1_48' title='bbox 649 1054 709 1118; x_wconf 91' lang='lat' dir='ltr'>sibi</span> <span class='ocrx_word' id='word_1_49' title='bbox 732 1054 871 1138; x_wconf 90' lang='lat' dir='ltr'>denique</span> <span class='ocrx_word' id='word_1_50' title='bbox 895 1055 985 1133; x_wconf 87' lang='lat' dir='ltr'>tanti,</span> 
     </span>
     <span class='ocr_line' id='line_1_9' title="bbox 178 1139 974 1226; baseline -0.004 -20"><span class='ocrx_word' id='word_1_51' title='bbox 178 1140 326 1206; x_wconf 83' lang='lat' dir='ltr'>Oollccat</span> <span class='ocrx_word' id='word_1_52' title='bbox 350 1149 383 1205; x_wconf 92' lang='lat' dir='ltr'>et</span> <span class='ocrx_word' id='word_1_53' title='bbox 406 1143 509 1204; x_wconf 86' lang='lat' dir='ltr'>socios</span> <span class='ocrx_word' id='word_1_54' title='bbox 532 1141 687 1226; x_wconf 91' lang='lat' dir='ltr'>populato</span> <span class='ocrx_word' id='word_1_55' title='bbox 710 1162 783 1204; x_wconf 90' lang='lat' dir='ltr'>rure</span> <span class='ocrx_word' id='word_1_56' title='bbox 806 1139 974 1219; x_wconf 89' lang='lat' dir='ltr'>nefandos,</span> 
     </span>
     <span class='ocr_line' id='line_1_10' title="bbox 176 1226 1079 1313; baseline 0.002 -22"><span class='ocrx_word' id='word_1_57' title='bbox 176 1229 320 1313; x_wconf 87' lang='lat' dir='ltr'>implens</span> <span class='ocrx_word' id='word_1_58' title='bbox 342 1233 543 1291; x_wconf 91' lang='lat' dir='ltr'>maerentem</span> <span class='ocrx_word' id='word_1_59' title='bbox 565 1248 631 1290; x_wconf 94' lang='lat' dir='ltr'>non</span> <span class='ocrx_word' id='word_1_60' title='bbox 653 1229 763 1312; x_wconf 90' lang='lat' dir='ltr'>paucis</span> <span class='ocrx_word' id='word_1_61' title='bbox 786 1226 932 1290; x_wconf 83' lang='lat' dir='ltr'>hostibus</span> <span class='ocrx_word' id='word_1_62' title='bbox 955 1229 1079 1311; x_wconf 92' lang='lat' dir='ltr'>urbem,</span> 
     </span>
     <span class='ocr_line' id='line_1_11' title="bbox 175 1312 962 1397; baseline -0.004 -18"><span class='ocrx_word' id='word_1_63' title='bbox 175 1315 297 1379; x_wconf 93' lang='lat' dir='ltr'>Polluit</span> <span class='ocrx_word' id='word_1_64' title='bbox 320 1320 353 1377; x_wconf 93' lang='lat' dir='ltr'>et</span> <span class='ocrx_word' id='word_1_65' title='bbox 376 1321 520 1378; x_wconf 85' lang='lat' dir='ltr'>veterem</span> <span class='ocrx_word' id='word_1_66' title='bbox 566 1334 642 1377; x_wconf 87' lang='lat' dir='ltr'>urae</span> <span class='ocrx_word' id='word_1_67' title='bbox 665 1312 742 1377; x_wconf 87' lang='lat' dir='ltr'>fidei</span> <span class='ocrx_word' id='word_1_68' title='bbox 764 1314 962 1397; x_wconf 81' lang='lat' dir='ltr'>genetricem</span> 
     </span>
     <span class='ocr_line' id='line_1_12' title="bbox 176 1335 983 1484; baseline 0 -20"><span class='ocrx_word' id='word_1_69' title='bbox 176 1400 352 1466; x_wconf 87' lang='lat' dir='ltr'>Barbarico</span> <span class='ocrx_word' id='word_1_70' title='bbox 375 1402 448 1482; x_wconf 92' lang='lat' dir='ltr'>ritu,</span> <span class='ocrx_word' id='word_1_71' title='bbox 472 1335 656 1484; x_wconf 84' lang='lat' dir='ltr'>quodnam</span> <span class='ocrx_word' id='word_1_72' title='bbox 678 1399 862 1464; x_wconf 84' lang='lat' dir='ltr'>miserabile</span> <span class='ocrx_word' id='word_1_73' title='bbox 887 1398 983 1479; x_wconf 87' lang='lat' dir='ltr'>dictu,</span> 
     </span>
     <span class='ocr_line' id='line_1_13' title="bbox 177 1485 869 1572; baseline -0.003 -21"><span class='ocrx_word' id='word_1_74' title='bbox 177 1487 330 1572; x_wconf 86' lang='lat' dir='ltr'>Paganos</span> <span class='ocrx_word' id='word_1_75' title='bbox 351 1488 443 1550; x_wconf 88' lang='lat' dir='ltr'>iustis</span> <span class='ocrx_word' id='word_1_76' title='bbox 465 1485 714 1550; x_wconf 88' lang='lat' dir='ltr'>intermiscendo</span> <span class='ocrx_word' id='word_1_77' title='bbox 738 1487 869 1566; x_wconf 90' lang='lat' dir='ltr'>colonis,</span> 
     </span>
     <span class='ocr_line' id='line_1_14' title="bbox 183 1572 1006 1657; baseline -0.001 -20"><span class='ocrx_word' id='word_1_78' title='bbox 183 1572 254 1647; x_wconf 87' lang='lat' dir='ltr'>Quo</span> <span class='ocrx_word' id='word_1_79' title='bbox 277 1574 338 1639; x_wconf 91' lang='lat' dir='ltr'>sibi</span> <span class='ocrx_word' id='word_1_80' title='bbox 360 1573 535 1637; x_wconf 84' lang='lat' dir='ltr'>suaderent</span> <span class='ocrx_word' id='word_1_81' title='bbox 556 1575 677 1657; x_wconf 89' lang='lat' dir='ltr'>patrios</span> <span class='ocrx_word' id='word_1_82' title='bbox 701 1572 877 1636; x_wconf 85' lang='lat' dir='ltr'>dissolvere</span> <span class='ocrx_word' id='word_1_83' title='bbox 900 1593 1006 1636; x_wconf 85' lang='lat' dir='ltr'>mores</span> 
     </span>
     <span class='ocr_line' id='line_1_15' title="bbox 181 1659 929 1747; baseline -0.003 -23"><span class='ocrx_word' id='word_1_84' title='bbox 181 1659 296 1746; x_wconf 89' lang='lat' dir='ltr'>Deque</span> <span class='ocrx_word' id='word_1_85' title='bbox 320 1662 490 1747; x_wconf 80' lang='lat' dir='ltr'>profanato</span> <span class='ocrx_word' id='word_1_86' title='bbox 514 1680 622 1723; x_wconf 87' lang='lat' dir='ltr'>secum</span> <span class='ocrx_word' id='word_1_87' title='bbox 645 1659 777 1723; x_wconf 89' lang='lat' dir='ltr'>sordere</span> <span class='ocrx_word' id='word_1_88' title='bbox 800 1659 929 1723; x_wconf 89' lang='lat' dir='ltr'>sacello.</span> 
     </span>
    </p>

    <p class='ocr_par' dir='ltr' id='par_1_3' title="bbox 176 1744 1311 3388">
     <span class='ocr_line' id='line_1_16' title="bbox 221 1744 1107 1832; baseline -0.001 -22"><span class='ocrx_word' id='word_1_89' title='bbox 221 1750 352 1832; x_wconf 83' lang='lat' dir='ltr'>Agmen</span> <span class='ocrx_word' id='word_1_90' title='bbox 375 1746 433 1810; x_wconf 90' lang='lat' dir='ltr'>sed</span> <span class='ocrx_word' id='word_1_91' title='bbox 455 1752 602 1810; x_wconf 89' lang='lat' dir='ltr'>tenerum</span> <span class='ocrx_word' id='word_1_92' title='bbox 626 1745 752 1810; x_wconf 83' lang='lat' dir='ltr'>Christo</span> <span class='ocrx_word' id='word_1_93' title='bbox 775 1751 905 1830; x_wconf 89' lang='lat' dir='ltr'>pastore</span> <span class='ocrx_word' id='word_1_94' title='bbox 928 1744 1107 1828; x_wconf 86' lang='lat' dir='ltr'>regendum</span> 
     </span>
     <span class='ocr_line' id='line_1_17' title="bbox 178 1833 986 1919; baseline -0.002 -23"><span class='ocrx_word' id='word_1_95' title='bbox 178 1834 304 1897; x_wconf 89' lang='lat' dir='ltr'>Iussum</span> <span class='ocrx_word' id='word_1_96' title='bbox 326 1833 471 1919; x_wconf 85' lang='lat' dir='ltr'>perversi</span> <span class='ocrx_word' id='word_1_97' title='bbox 492 1835 615 1917; x_wconf 90' lang='lat' dir='ltr'>respuit</span> <span class='ocrx_word' id='word_1_98' title='bbox 637 1854 714 1896; x_wconf 84' lang='lat' dir='ltr'>mox</span> <span class='ocrx_word' id='word_1_99' title='bbox 736 1833 826 1895; x_wconf 90' lang='lat' dir='ltr'>triste</span> <span class='ocrx_word' id='word_1_100' title='bbox 849 1833 986 1916; x_wconf 84' lang='lat' dir='ltr'>tyranni,</span> 
     </span>
     <span class='ocr_line' id='line_1_18' title="bbox 177 1918 1052 2003; baseline -0.003 -20"><span class='ocrx_word' id='word_1_101' title='bbox 177 1919 296 1984; x_wconf 88' lang='lat' dir='ltr'>Dicens</span> <span class='ocrx_word' id='word_1_102' title='bbox 318 1919 414 1984; x_wconf 89' lang='lat' dir='ltr'>malle</span> <span class='ocrx_word' id='word_1_103' title='bbox 438 1920 529 1997; x_wconf 90' lang='lat' dir='ltr'>mori,</span> <span class='ocrx_word' id='word_1_104' title='bbox 551 1918 660 2003; x_wconf 90' lang='lat' dir='ltr'>legem</span> <span class='ocrx_word' id='word_1_105' title='bbox 683 1939 810 2003; x_wconf 91' lang='lat' dir='ltr'>quoque</span> <span class='ocrx_word' id='word_1_106' title='bbox 833 1925 936 1982; x_wconf 89' lang='lat' dir='ltr'>morte</span> <span class='ocrx_word' id='word_1_107' title='bbox 959 1919 1052 1996; x_wconf 91' lang='lat' dir='ltr'>tueri,</span> 
     </span>
     <span class='ocr_line' id='line_1_19' title="bbox 179 2004 1034 2091; baseline 0.001 -25"><span class='ocrx_word' id='word_1_108' title='bbox 179 2004 297 2070; x_wconf 81' lang='lat' dir='ltr'>Vivere</span> <span class='ocrx_word' id='word_1_109' title='bbox 321 2027 418 2091; x_wconf 91' lang='lat' dir='ltr'>quam</span> <span class='ocrx_word' id='word_1_110' title='bbox 441 2005 537 2069; x_wconf 91' lang='lat' dir='ltr'>stulte</span> <span class='ocrx_word' id='word_1_111' title='bbox 561 2007 659 2069; x_wconf 90' lang='lat' dir='ltr'>sacris</span> <span class='ocrx_word' id='word_1_112' title='bbox 682 2004 867 2068; x_wconf 82' lang='lat' dir='ltr'>famulando</span> <span class='ocrx_word' id='word_1_113' title='bbox 890 2005 1034 2068; x_wconf 85' lang='lat' dir='ltr'>novellis.</span> 
     </span>
     <span class='ocr_line' id='line_1_20' title="bbox 179 2090 1069 2177; baseline -0.002 -21"><span class='ocrx_word' id='word_1_114' title='bbox 179 2092 249 2166; x_wconf 86' lang='lat' dir='ltr'>Quo</span> <span class='ocrx_word' id='word_1_115' title='bbox 273 2113 334 2156; x_wconf 82' lang='lat' dir='ltr'>rex</span> <span class='ocrx_word' id='word_1_116' title='bbox 356 2100 532 2177; x_wconf 88' lang='lat' dir='ltr'>comperto,</span> <span class='ocrx_word' id='word_1_117' title='bbox 556 2113 618 2156; x_wconf 92' lang='lat' dir='ltr'>non</span> <span class='ocrx_word' id='word_1_118' title='bbox 642 2093 765 2176; x_wconf 91' lang='lat' dir='ltr'>absque</span> <span class='ocrx_word' id='word_1_119' title='bbox 788 2092 838 2155; x_wconf 91' lang='lat' dir='ltr'>sui</span> <span class='ocrx_word' id='word_1_120' title='bbox 859 2092 928 2154; x_wconf 85' lang='lat' dir='ltr'>sore</span> <span class='ocrx_word' id='word_1_121' title='bbox 952 2090 1069 2154; x_wconf 89' lang='lat' dir='ltr'>damno</span> 
     </span>
     <span class='ocr_line' id='line_1_21' title="bbox 178 2178 960 2264; baseline -0.004 -21"><span class='ocrx_word' id='word_1_122' title='bbox 178 2178 293 2262; x_wconf 80' lang='lat' dir='ltr'>Sensit,</span> <span class='ocrx_word' id='word_1_123' title='bbox 317 2181 344 2243; x_wconf 93' lang='lat' dir='ltr'>si</span> <span class='ocrx_word' id='word_1_124' title='bbox 367 2179 487 2243; x_wconf 91' lang='lat' dir='ltr'>cunctis</span> <span class='ocrx_word' id='word_1_125' title='bbox 510 2179 630 2263; x_wconf 89' lang='lat' dir='ltr'>pariter</span> <span class='ocrx_word' id='word_1_126' title='bbox 652 2178 840 2264; x_wconf 82' lang='lat' dir='ltr'>praedivitis</span> <span class='ocrx_word' id='word_1_127' title='bbox 862 2178 960 2260; x_wconf 89' lang='lat' dir='ltr'>urbis,</span> 
     </span>
     <span class='ocr_line' id='line_1_22' title="bbox 180 2264 1039 2350; baseline -0.003 -21"><span class='ocrx_word' id='word_1_128' title='bbox 180 2265 284 2339; x_wconf 86' lang='lat' dir='ltr'>Quam</span> <span class='ocrx_word' id='word_1_129' title='bbox 308 2264 421 2330; x_wconf 90' lang='lat' dir='ltr'>crebro</span> <span class='ocrx_word' id='word_1_130' title='bbox 445 2265 572 2329; x_wconf 84' lang='lat' dir='ltr'>validae</span> <span class='ocrx_word' id='word_1_131' title='bbox 596 2267 683 2350; x_wconf 92' lang='lat' dir='ltr'>cepit</span> <span class='ocrx_word' id='word_1_132' title='bbox 704 2266 877 2329; x_wconf 90' lang='lat' dir='ltr'>luctamine</span> <span class='ocrx_word' id='word_1_133' title='bbox 899 2283 1039 2349; x_wconf 86' lang='lat' dir='ltr'>pugnae,</span> 
     </span>
     <span class='ocr_line' id='line_1_23' title="bbox 179 2351 987 2416; baseline -0.006 0"><span class='ocrx_word' id='word_1_134' title='bbox 179 2352 309 2416; x_wconf 80' lang='lat' dir='ltr'>Civibus</span> <span class='ocrx_word' id='word_1_135' title='bbox 332 2351 494 2416; x_wconf 83' lang='lat' dir='ltr'>excidium</span> <span class='ocrx_word' id='word_1_136' title='bbox 516 2352 627 2415; x_wconf 88' lang='lat' dir='ltr'>mortis</span> <span class='ocrx_word' id='word_1_137' title='bbox 651 2352 811 2415; x_wconf 90' lang='lat' dir='ltr'>conferret</span> <span class='ocrx_word' id='word_1_138' title='bbox 833 2372 987 2415; x_wconf 87' lang='lat' dir='ltr'>amarum.</span> 
     </span>
     <span class='ocr_line' id='line_1_24' title="bbox 176 2437 1045 2524; baseline -0.003 -21"><span class='ocrx_word' id='word_1_139' title='bbox 176 2438 226 2503; x_wconf 90' lang='lat' dir='ltr'>Ob</span> <span class='ocrx_word' id='word_1_140' title='bbox 251 2437 337 2524; x_wconf 92' lang='lat' dir='ltr'>quod</span> <span class='ocrx_word' id='word_1_141' title='bbox 361 2438 526 2502; x_wconf 91' lang='lat' dir='ltr'>decretum</span> <span class='ocrx_word' id='word_1_142' title='bbox 549 2439 636 2523; x_wconf 88' lang='lat' dir='ltr'>prius</span> <span class='ocrx_word' id='word_1_143' title='bbox 658 2437 857 2501; x_wconf 90' lang='lat' dir='ltr'>immutando</span> <span class='ocrx_word' id='word_1_144' title='bbox 881 2444 1045 2516; x_wconf 91' lang='lat' dir='ltr'>statutum,</span> 
     </span>
     <span class='ocr_line' id='line_1_25' title="bbox 180 2524 989 2609; baseline -0.002 -20"><span class='ocrx_word' id='word_1_145' title='bbox 180 2525 294 2590; x_wconf 84' lang='lat' dir='ltr'>Sanxit</span> <span class='ocrx_word' id='word_1_146' title='bbox 316 2546 394 2588; x_wconf 85' lang='lat' dir='ltr'>mox</span> <span class='ocrx_word' id='word_1_147' title='bbox 416 2525 524 2609; x_wconf 89' lang='lat' dir='ltr'>legem</span> <span class='ocrx_word' id='word_1_148' title='bbox 546 2526 679 2609; x_wconf 82' lang='lat' dir='ltr'>vulgato</span> <span class='ocrx_word' id='word_1_149' title='bbox 703 2524 856 2608; x_wconf 85' lang='lat' dir='ltr'>dogmate</span> <span class='ocrx_word' id='word_1_150' title='bbox 880 2526 989 2604; x_wconf 89' lang='lat' dir='ltr'>talem,</span> 
     </span>
     <span class='ocr_line' id='line_1_26' title="bbox 177 2611 924 2696; baseline -0.001 -20"><span class='ocrx_word' id='word_1_151' title='bbox 177 2612 232 2694; x_wconf 86' lang='lat' dir='ltr'>Ut,</span> <span class='ocrx_word' id='word_1_152' title='bbox 257 2613 398 2696; x_wconf 89' lang='lat' dir='ltr'>quisquis</span> <span class='ocrx_word' id='word_1_153' title='bbox 421 2612 491 2695; x_wconf 89' lang='lat' dir='ltr'>regi</span> <span class='ocrx_word' id='word_1_154' title='bbox 514 2611 625 2675; x_wconf 90' lang='lat' dir='ltr'>mallet</span> <span class='ocrx_word' id='word_1_155' title='bbox 648 2612 767 2675; x_wconf 78' lang='lat' dir='ltr'>servire</span> <span class='ocrx_word' id='word_1_156' title='bbox 791 2614 924 2695; x_wconf 90' lang='lat' dir='ltr'>perenni</span> 
     </span>
     <span class='ocr_line' id='line_1_27' title="bbox 177 2696 1311 2783; baseline 0.003 -21"><span class='ocrx_word' id='word_1_157' title='bbox 177 2699 219 2762; x_wconf 87' lang='lat' dir='ltr'>Et</span> <span class='ocrx_word' id='word_1_158' title='bbox 241 2705 368 2783; x_wconf 90' lang='lat' dir='ltr'>patrum</span> <span class='ocrx_word' id='word_1_159' title='bbox 391 2718 498 2761; x_wconf 92' lang='lat' dir='ltr'>mores</span> <span class='ocrx_word' id='word_1_160' title='bbox 522 2699 597 2761; x_wconf 92' lang='lat' dir='ltr'>olim</span> <span class='ocrx_word' id='word_1_161' title='bbox 620 2718 749 2760; x_wconf 84' lang='lat' dir='ltr'>servare</span> <span class='ocrx_word' id='word_1_162' title='bbox 771 2696 895 2776; x_wconf 89' lang='lat' dir='ltr'>fideles,</span> <span class='ocrx_word' id='word_1_163' title='bbox 1199 2715 1311 2781; x_wconf 68' lang='lat' dir='ltr'>{ocem</span> 
     </span>
     <span class='ocr_line' id='line_1_28' title="bbox 176 2783 1007 2868; baseline -0.002 -20"><span class='ocrx_word' id='word_1_164' title='bbox 176 2785 249 2848; x_wconf 92' lang='lat' dir='ltr'>Hoc</span> <span class='ocrx_word' id='word_1_165' title='bbox 271 2785 395 2849; x_wconf 84' lang='lat' dir='ltr'>laceret</span> <span class='ocrx_word' id='word_1_166' title='bbox 417 2786 515 2864; x_wconf 87' lang='lat' dir='ltr'>licito,</span> <span class='ocrx_word' id='word_1_167' title='bbox 538 2784 626 2848; x_wconf 93' lang='lat' dir='ltr'>nulla</span> <span class='ocrx_word' id='word_1_168' title='bbox 648 2791 722 2868; x_wconf 91' lang='lat' dir='ltr'>post</span> <span class='ocrx_word' id='word_1_169' title='bbox 744 2783 870 2847; x_wconf 79' lang='lat' dir='ltr'>vindice</span> <span class='ocrx_word' id='word_1_170' title='bbox 893 2804 1007 2868; x_wconf 92' lang='lat' dir='ltr'>poena,</span> 
     </span>
     <span class='ocr_line' id='line_1_29' title="bbox 177 2869 860 2952; baseline -0.003 -18"><span class='ocrx_word' id='word_1_171' title='bbox 177 2870 250 2934; x_wconf 83' lang='lat' dir='ltr'>Hac</span> <span class='ocrx_word' id='word_1_172' title='bbox 272 2871 376 2935; x_wconf 91' lang='lat' dir='ltr'>solum</span> <span class='ocrx_word' id='word_1_173' title='bbox 400 2877 493 2935; x_wconf 88' lang='lat' dir='ltr'>caute</span> <span class='ocrx_word' id='word_1_174' title='bbox 516 2877 645 2935; x_wconf 85' lang='lat' dir='ltr'>servata</span> <span class='ocrx_word' id='word_1_175' title='bbox 667 2869 860 2952; x_wconf 91' lang='lat' dir='ltr'>conditione,</span> 
     </span>
     <span class='ocr_line' id='line_1_30' title="bbox 176 2955 969 3043; baseline -0.004 -22"><span class='ocrx_word' id='word_1_176' title='bbox 176 2957 227 3021; x_wconf 87' lang='lat' dir='ltr'>Ne</span> <span class='ocrx_word' id='word_1_177' title='bbox 251 2959 321 3043; x_wconf 92' lang='lat' dir='ltr'>quis</span> <span class='ocrx_word' id='word_1_178' title='bbox 344 2957 512 3042; x_wconf 86' lang='lat' dir='ltr'>praefatae</span> <span class='ocrx_word' id='word_1_179' title='bbox 537 2958 614 3021; x_wconf 85' lang='lat' dir='ltr'>civis</span> <span class='ocrx_word' id='word_1_180' title='bbox 636 2963 860 3041; x_wconf 88' lang='lat' dir='ltr'>praesumeret</span> <span class='ocrx_word' id='word_1_181' title='bbox 880 2955 969 3019; x_wconf 91' lang='lat' dir='ltr'>urbis</span> 
     </span>
     <span class='ocr_line' id='line_1_31' title="bbox 177 3043 902 3128; baseline -0.006 -20"><span class='ocrx_word' id='word_1_182' title='bbox 177 3044 271 3108; x_wconf 88' lang='lat' dir='ltr'>Ultra</span> <span class='ocrx_word' id='word_1_183' title='bbox 294 3045 521 3128; x_wconf 89' lang='lat' dir='ltr'>blasphemare</span> <span class='ocrx_word' id='word_1_184' title='bbox 546 3043 605 3107; x_wconf 88' lang='lat' dir='ltr'>diis</span> <span class='ocrx_word' id='word_1_185' title='bbox 627 3064 705 3106; x_wconf 91' lang='lat' dir='ltr'>auro</span> <span class='ocrx_word' id='word_1_186' title='bbox 730 3043 902 3115; x_wconf 81' lang='lat' dir='ltr'>fabricatis,</span> 
     </span>
     <span class='ocr_line' id='line_1_32' title="bbox 179 3128 1158 3216; baseline 0.001 -23"><span class='ocrx_word' id='word_1_187' title='bbox 179 3128 267 3203; x_wconf 87' lang='lat' dir='ltr'>Quos</span> <span class='ocrx_word' id='word_1_188' title='bbox 290 3132 439 3216; x_wconf 84' lang='lat' dir='ltr'>princeps</span> <span class='ocrx_word' id='word_1_189' title='bbox 463 3131 595 3207; x_wconf 87' lang='lat' dir='ltr'>coleret,</span> <span class='ocrx_word' id='word_1_190' title='bbox 619 3136 781 3215; x_wconf 90' lang='lat' dir='ltr'>sceptrum</span> <span class='ocrx_word' id='word_1_191' title='bbox 806 3130 997 3213; x_wconf 90' lang='lat' dir='ltr'>quicumque</span> <span class='ocrx_word' id='word_1_192' title='bbox 1021 3135 1158 3209; x_wconf 87' lang='lat' dir='ltr'>teneret,</span> 
     </span>
     <span class='ocr_line' id='line_1_33' title="bbox 180 3215 945 3303; baseline -0.004 -23"><span class='ocrx_word' id='word_1_193' title='bbox 180 3216 245 3280; x_wconf 86' lang='lat' dir='ltr'>Seu</span> <span class='ocrx_word' id='word_1_194' title='bbox 268 3223 365 3303; x_wconf 90' lang='lat' dir='ltr'>caput</span> <span class='ocrx_word' id='word_1_195' title='bbox 388 3225 504 3281; x_wconf 84' lang='lat' dir='ltr'>exacto</span> <span class='ocrx_word' id='word_1_196' title='bbox 528 3219 620 3282; x_wconf 88' lang='lat' dir='ltr'>citius</span> <span class='ocrx_word' id='word_1_197' title='bbox 643 3217 837 3300; x_wconf 90' lang='lat' dir='ltr'>subiungere</span> <span class='ocrx_word' id='word_1_198' title='bbox 860 3215 945 3278; x_wconf 88' lang='lat' dir='ltr'>ferro</span> 
     </span>
     <span class='ocr_line' id='line_1_34' title="bbox 178 3303 958 3388; baseline -0.003 -23"><span class='ocrx_word' id='word_1_199' title='bbox 178 3303 221 3366; x_wconf 85' lang='lat' dir='ltr'>Et</span> <span class='ocrx_word' id='word_1_200' title='bbox 243 3305 469 3368; x_wconf 87' lang='lat' dir='ltr'>sententiolam</span> <span class='ocrx_word' id='word_1_201' title='bbox 492 3304 572 3367; x_wconf 91' lang='lat' dir='ltr'>loeti</span> <span class='ocrx_word' id='word_1_202' title='bbox 594 3305 739 3388; x_wconf 86' lang='lat' dir='ltr'>perferre</span> <span class='ocrx_word' id='word_1_203' title='bbox 762 3321 958 3386; x_wconf 87' lang='lat' dir='ltr'>supremam.</span> 
     </span>
    </p>

    <p class='ocr_par' dir='ltr' id='par_1_4' title="bbox 176 3388 1149 3823">
     <span class='ocr_line' id='line_1_35' title="bbox 222 3388 927 3475; baseline -0.004 -22"><span class='ocrx_word' id='word_1_204' title='bbox 222 3389 282 3453; x_wconf 91' lang='lat' dir='ltr'>His</span> <span class='ocrx_word' id='word_1_205' title='bbox 304 3392 351 3454; x_wconf 91' lang='lat' dir='ltr'>ita</span> <span class='ocrx_word' id='word_1_206' title='bbox 374 3390 506 3475; x_wconf 88' lang='lat' dir='ltr'>digestis</span> <span class='ocrx_word' id='word_1_207' title='bbox 529 3391 678 3454; x_wconf 89' lang='lat' dir='ltr'>simulata</span> <span class='ocrx_word' id='word_1_208' title='bbox 700 3409 781 3473; x_wconf 88' lang='lat' dir='ltr'>pace</span> <span class='ocrx_word' id='word_1_209' title='bbox 806 3388 927 3473; x_wconf 83' lang='lat' dir='ltr'>quievit</span> 
     </span>
     <span class='ocr_line' id='line_1_36' title="bbox 178 3473 1023 3559; baseline -0.004 -19"><span class='ocrx_word' id='word_1_210' title='bbox 178 3474 304 3540; x_wconf 85' lang='lat' dir='ltr'>Obruta</span> <span class='ocrx_word' id='word_1_211' title='bbox 326 3478 413 3540; x_wconf 91' lang='lat' dir='ltr'>mille</span> <span class='ocrx_word' id='word_1_212' title='bbox 437 3479 529 3540; x_wconf 89' lang='lat' dir='ltr'>malis</span> <span class='ocrx_word' id='word_1_213' title='bbox 552 3477 647 3540; x_wconf 90' lang='lat' dir='ltr'>toties</span> <span class='ocrx_word' id='word_1_214' title='bbox 670 3476 747 3539; x_wconf 88' lang='lat' dir='ltr'>urbs</span> <span class='ocrx_word' id='word_1_215' title='bbox 769 3495 887 3559; x_wconf 90' lang='lat' dir='ltr'>nempe</span> <span class='ocrx_word' id='word_1_216' title='bbox 909 3473 1023 3538; x_wconf 88' lang='lat' dir='ltr'>fidelis.</span> 
     </span>
     <span class='ocr_line' id='line_1_37' title="bbox 178 3562 968 3648; baseline -0.004 -21"><span class='ocrx_word' id='word_1_217' title='bbox 178 3562 245 3627; x_wconf 84' lang='lat' dir='ltr'>Sed</span> <span class='ocrx_word' id='word_1_218' title='bbox 267 3564 293 3626; x_wconf 91' lang='lat' dir='ltr'>si</span> <span class='ocrx_word' id='word_1_219' title='bbox 317 3585 397 3648; x_wconf 89' lang='lat' dir='ltr'>quos</span> <span class='ocrx_word' id='word_1_220' title='bbox 419 3564 502 3648; x_wconf 89' lang='lat' dir='ltr'>ignis</span> <span class='ocrx_word' id='word_1_221' title='bbox 529 3562 647 3628; x_wconf 81' lang='lat' dir='ltr'>Christi</span> <span class='ocrx_word' id='word_1_222' title='bbox 669 3563 829 3627; x_wconf 87' lang='lat' dir='ltr'>succensit</span> <span class='ocrx_word' id='word_1_223' title='bbox 850 3562 968 3625; x_wconf 90' lang='lat' dir='ltr'>amoris</span> 
     </span>
     <span class='ocr_line' id='line_1_38' title="bbox 176 3648 932 3735; baseline -0.001 -23"><span class='ocrx_word' id='word_1_224' title='bbox 176 3649 375 3735; x_wconf 87' lang='lat' dir='ltr'>Martiriique</span> <span class='ocrx_word' id='word_1_225' title='bbox 399 3651 467 3714; x_wconf 89' lang='lat' dir='ltr'>sitis</span> <span class='ocrx_word' id='word_1_226' title='bbox 489 3651 589 3714; x_wconf 82' lang='lat' dir='ltr'>suasit</span> <span class='ocrx_word' id='word_1_227' title='bbox 611 3669 816 3734; x_wconf 86' lang='lat' dir='ltr'>corrumpere</span> <span class='ocrx_word' id='word_1_228' title='bbox 840 3648 932 3712; x_wconf 89' lang='lat' dir='ltr'>dictis</span> 
     </span>
     <span class='ocr_line' id='line_1_39' title="bbox 178 3733 1149 3823; baseline -0.004 -24"><span class='ocrx_word' id='word_1_229' title='bbox 178 3734 352 3818; x_wconf 84' lang='lat' dir='ltr'>Marmora,</span> <span class='ocrx_word' id='word_1_230' title='bbox 377 3757 460 3822; x_wconf 92' lang='lat' dir='ltr'>quae</span> <span class='ocrx_word' id='word_1_231' title='bbox 483 3738 633 3823; x_wconf 91' lang='lat' dir='ltr'>princeps</span> <span class='ocrx_word' id='word_1_232' title='bbox 656 3741 802 3821; x_wconf 91' lang='lat' dir='ltr'>comptus</span> <span class='ocrx_word' id='word_1_233' title='bbox 826 3734 1010 3799; x_wconf 86' lang='lat' dir='ltr'>diademate</span> <span class='ocrx_word' id='word_1_234' title='bbox 1033 3733 1149 3818; x_wconf 84' lang='lat' dir='ltr'>suplex</span> 
     </span>
    </p>
   </div>
   <div class='ocr_carea' id='block_1_3' title="bbox 128 3959 1202 4169">
    <p class='ocr_par' dir='ltr' id='par_1_5' title="bbox 128 3959 1202 4169">
     <span class='ocr_line' id='line_1_40' title="bbox 151 3959 1201 4029; baseline 0 -17"><span class='ocrx_word' id='word_1_235' title='bbox 151 3959 187 4013; x_wconf 74' lang='lat'>30</span> <span class='ocrx_word' id='word_1_236' title='bbox 205 3970 329 4029; x_wconf 83' lang='lat' dir='ltr'>superata</span> <span class='ocrx_word' id='word_1_237' title='bbox 346 3963 389 4012; x_wconf 73' lang='lat' dir='ltr'>M¹</span> <span class='ocrx_word' id='word_1_238' title='bbox 461 3959 495 4014; x_wconf 87' lang='grc'>36</span> <span class='ocrx_word' id='word_1_239' title='bbox 513 3963 600 4013; x_wconf 87' lang='lat' dir='ltr'>orbem</span> <span class='ocrx_word' id='word_1_240' title='bbox 621 3962 663 4012; x_wconf 65' lang='grc' dir='ltr'>Μι</span> <span class='ocrx_word' id='word_1_241' title='bbox 733 3960 766 4013; x_wconf 90' lang='grc'>39</span> <span class='ocrx_word' id='word_1_242' title='bbox 784 3963 961 4013; x_wconf 82' lang='lat' dir='ltr'>intermiscedc</span> <span class='ocrx_word' id='word_1_243' title='bbox 980 3960 1013 4009; x_wconf 82' lang='lat' dir='ltr'>dl</span> <span class='ocrx_word' id='word_1_244' title='bbox 1078 3959 1112 4012; x_wconf 78' lang='lat'>56</span> <span class='ocrx_word' id='word_1_245' title='bbox 1131 3976 1201 4028; x_wconf 64' lang='lat' dir='ltr'>prae</span> 
     </span>
     <span class='ocr_line' id='line_1_41' title="bbox 128 4030 1202 4099; baseline -0.001 -17"><span class='ocrx_word' id='word_1_246' title='bbox 128 4042 181 4098; x_wconf 85' lang='lat' dir='ltr'>pret</span> <span class='ocrx_word' id='word_1_247' title='bbox 199 4031 233 4081; x_wconf 72' lang='lat' dir='ltr'>J!</span> <span class='ocrx_word' id='word_1_248' title='bbox 309 4031 341 4082; x_wconf 88' lang='grc'>61</span> <span class='ocrx_word' id='word_1_249' title='bbox 361 4041 421 4099; x_wconf 83' lang='lat' dir='ltr'>pate</span> <span class='ocrx_word' id='word_1_250' title='bbox 440 4031 473 4081; x_wconf 81' lang='lat' dir='ltr'>d!</span> <span class='ocrx_word' id='word_1_251' title='bbox 549 4031 583 4082; x_wconf 89' lang='grc'>63</span> <span class='ocrx_word' id='word_1_252' title='bbox 601 4032 734 4082; x_wconf 83' lang='lat' dir='ltr'>succendit</span> <span class='ocrx_word' id='word_1_253' title='bbox 754 4031 846 4090; x_wconf 71' lang='lat' dir='ltr'>Gella,-</span> <span class='ocrx_word' id='word_1_254' title='bbox 863 4033 897 4097; x_wconf 73' lang='lat' dir='ltr'>cs.</span> <span class='ocrx_word' id='word_1_255' title='bbox 917 4030 999 4080; x_wconf 81' lang='lat' dir='ltr'>Prud.</span> <span class='ocrx_word' id='word_1_256' title='bbox 1017 4030 1096 4095; x_wconf 77' lang='lat' dir='ltr'>aleph.</span> <span class='ocrx_word' id='word_1_257' title='bbox 1116 4033 1202 4094; x_wconf 77' lang='lat'>6,356</span> 
     </span>
     <span class='ocr_line' id='line_1_42' title="bbox 128 4097 876 4169; baseline -0.003 -17"><span class='ocrx_word' id='word_1_258' title='bbox 128 4103 153 4152; x_wconf 87' lang='lat' dir='ltr'>ia</span> <span class='ocrx_word' id='word_1_259' title='bbox 171 4097 298 4169; x_wconf 86' lang='lat' dir='ltr'>incensus</span> <span class='ocrx_word' id='word_1_260' title='bbox 317 4102 359 4152; x_wconf 85' lang='lat' dir='ltr'>aiti</span> <span class='ocrx_word' id='word_1_261' title='bbox 447 4100 482 4151; x_wconf 86' lang='grc'>64</span> <span class='ocrx_word' id='word_1_262' title='bbox 500 4101 561 4151; x_wconf 84' lang='lat' dir='ltr'>satis</span> <span class='ocrx_word' id='word_1_263' title='bbox 578 4101 621 4151; x_wconf 79' lang='lat' dir='ltr'>M:</span> <span class='ocrx_word' id='word_1_264' title='bbox 639 4119 706 4151; x_wconf 86' lang='lat' dir='ltr'>corr.</span> <span class='ocrx_word' id='word_1_265' title='bbox 725 4100 876 4166; x_wconf 78' lang='lat' dir='ltr'>Papebrocls</span> 
     </span>
    </p>
   </div>
   <div class='ocr_carea' id='block_1_4' title="bbox 128 4285 1200 4426">
    <p class='ocr_par' dir='ltr' id='par_1_6' title="bbox 128 4285 1200 4426">
     <span class='ocr_line' id='line_1_43' title="bbox 149 4285 1200 4357; baseline -0.003 -14"><span class='ocrx_word' id='word_1_266' title='bbox 149 4289 185 4343; x_wconf 76' lang='grc'>44</span> <span class='ocrx_word' id='word_1_267' title='bbox 204 4292 240 4357; x_wconf 72' lang='lat' dir='ltr'>ef.</span> <span class='ocrx_word' id='word_1_268' title='bbox 260 4289 333 4340; x_wconf 72' lang='lat' dir='ltr'>uait.</span> <span class='ocrx_word' id='word_1_269' title='bbox 352 4291 401 4341; x_wconf 79' lang='lat' dir='ltr'>ra</span> <span class='ocrx_word' id='word_1_270' title='bbox 417 4292 468 4352; x_wconf 80' lang='lat' dir='ltr'>§a</span> <span class='ocrx_word' id='word_1_271' title='bbox 540 4289 575 4342; x_wconf 76' lang='lat' dir='ltr'>la</span> <span class='ocrx_word' id='word_1_272' title='bbox 593 4292 627 4356; x_wconf 71' lang='lat' dir='ltr'>cs.</span> <span class='ocrx_word' id='word_1_273' title='bbox 646 4291 752 4342; x_wconf 71' lang='lat' dir='ltr'>Pasa</span> <span class='ocrx_word' id='word_1_274' title='bbox 822 4286 855 4340; x_wconf 72' lang='lat'>47</span> <span class='ocrx_word' id='word_1_275' title='bbox 873 4290 909 4354; x_wconf 72' lang='lat' dir='ltr'>cs.</span> <span class='ocrx_word' id='word_1_276' title='bbox 928 4288 982 4340; x_wconf 69' lang='lat'><em>1²01.</em></span> <span class='ocrx_word' id='word_1_277' title='bbox 993 4291 1049 4340; x_wconf 77' lang='lat' dir='ltr'>roa</span> <span class='ocrx_word' id='word_1_278' title='bbox 1120 4285 1200 4354; x_wconf 65' lang='lat' dir='ltr'>oles.</span> 
     </span>
     <span class='ocr_line' id='line_1_44' title="bbox 128 4356 1131 4426; baseline -0.007 -12"><span class='ocrx_word' id='word_1_279' title='bbox 128 4360 246 4425; x_wconf 64' lang='lat' dir='ltr'>iatoph.</span> <span class='ocrx_word' id='word_1_280' title='bbox 266 4364 289 4423; x_wconf 86' lang='lat'>5,</span> <span class='ocrx_word' id='word_1_281' title='bbox 301 4362 335 4410; x_wconf 76' lang='lat'>27</span> <span class='ocrx_word' id='word_1_282' title='bbox 351 4361 415 4412; x_wconf 84' lang='lat' dir='ltr'>haec</span> <span class='ocrx_word' id='word_1_283' title='bbox 432 4376 494 4410; x_wconf 83' lang='lat' dir='ltr'>saxa</span> <span class='ocrx_word' id='word_1_284' title='bbox 513 4376 579 4426; x_wconf 87' lang='lat' dir='ltr'>qaae</span> <span class='ocrx_word' id='word_1_285' title='bbox 598 4360 715 4426; x_wconf 85' lang='lat' dir='ltr'>prinecps</span> <span class='ocrx_word' id='word_1_286' title='bbox 732 4360 801 4411; x_wconf 91' lang='lat' dir='ltr'>colit.</span> <span class='ocrx_word' id='word_1_287' title='bbox 888 4356 921 4410; x_wconf 83' lang='lat'>61</span> <span class='ocrx_word' id='word_1_288' title='bbox 940 4360 974 4424; x_wconf 76' lang='lat' dir='ltr'>cs.</span> <span class='ocrx_word' id='word_1_289' title='bbox 992 4358 1063 4408; x_wconf 81' lang='lat' dir='ltr'>Mar.</span> <span class='ocrx_word' id='word_1_290' title='bbox 1078 4361 1131 4409; x_wconf 75' lang='lat'>⁶⁶9.</span> 
     </span>
    </p>
   </div>
   <div class='ocr_carea' id='block_1_5' title="bbox 0 0 1471 5024">
    <p class='ocr_par' dir='ltr' id='par_1_7' title="bbox 0 0 1471 5024">
     <span class='ocr_line' id='line_1_45' title="bbox 0 0 1471 5024; baseline 0 0"><span class='ocrx_word' id='word_1_291' title='bbox 0 0 1471 5024; x_wconf 95' lang='lat' dir='ltr'> </span> 
     </span>
    </p>
   </div>
  </div>
 </body>
</html>
