2910 5024
517 319 776 375 HROTSVITHAE
795 319 925 373 OPERA.

263 493 404 558 Consilio
427 492 579 577 pmdens,
602 498 671 555 tota
694 493 838 556 bonitate
861 492 1038 578 refulgens,

262 579 325 652 Qui
347 581 402 643 vix
424 581 593 642 transactis
615 580 679 642 iam
702 586 776 642 tuno
799 579 977 664 puerilibus
999 580 1091 643 annis

261 667 380 750 Attigit
402 667 519 729 aetatis
543 667 661 749 primos
684 666 779 728 tiores
801 666 959 729 iuvenilis.

262 752 409 837 Cumque
432 759 482 815 sat
504 753 649 814 inmitem
671 753 754 835 patri
777 754 872 815 sciret
894 753 964 816 fore
987 772 1112 836 regem,

262 840 333 903 Tali
356 845 555 902 maerentem
577 837 740 902 blanditur
762 859 841 902 voce
865 845 1052 923 parentem:

303 925 344 990 ‘0
366 927 411 988 mi
434 946 507 989 care
531 931 633 1010 pater,
659 945 731 988 mea
754 926 880 1009 suscipe
903 925 1004 989 verba
1026 924 1167 989 libenter

264 1012 316 1091 Et,
341 1032 423 1096 quae
447 1031 647 1089 commoneo,
670 1032 765 1074 sensu
788 1012 872 1075 bene
895 1012 1028 1097 percipe
1051 1020 1209 1098 prompto.

264 1096 375 1161 Calleo
402 1118 541 1182 namque
565 1103 653 1160 tuam
677 1099 767 1161 senio
791 1097 980 1162 decrescere
1004 1098 1115 1177 vitam,

261 1184 391 1248 Viribus
414 1192 448 1248 et
469 1184 605 1270 propriis
628 1205 744 1247 nervos
767 1186 894 1268 penitus
918 1191 1083 1264 vacuatos,

263 1270 333 1334 Neo
356 1278 388 1333 te
412 1291 507 1355 posse
531 1269 661 1354 quidem
683 1271 763 1333 levis
787 1270 863 1355 quid
885 1271 971 1334 ferre
993 1270 1131 1335 laboris:

262 1357 324 1420 Ast
347 1376 408 1440 ego
432 1357 490 1420 scd
513 1356 628 1420 validis
651 1356 842 1421 dominabor
864 1358 985 1443 quippe
1008 1356 1150 1435 lacertis,

262 1443 316 1506 Ad
339 1449 530 1528 tempusque
554 1449 669 1527 potens
692 1442 829 1507 dominis
851 1443 1061 1508 succumbere
1086 1441 1182 1506 duris.

265 1527 470 1614 Quapropter
492 1549 620 1609 moneo,
633 1530 793 1678 precibus
816 1529 1008 1616 blandisque
1031 1528 1167 1613 rogabo,

265 1615 309 1679 Ut
330 1617 400 1700 regi
422 1623 532 1679 natum
556 1636 608 1679 me
656 1637 777 1702 eponae
799 1616 857 1679 tibi
881 1638 1001 1698 carum,

264 1702 377 1766 Donec
400 1702 540 1766 sufficias
563 1704 701 1788 pretium
724 1704 910 1788 persolvere
935 1710 1050 1783 totum,

267 1789 317 1852 Ne
341 1796 397 1852 tua
420 1790 553 1852 canities
576 1789 687 1852 vinclis
709 1789 881 1853 intercidat
903 1791 1005 1854 artis.³

309 1876 351 1939 Et
375 1878 482 1939 senior
505 1884 617 1938 contra
640 1876 770 1939 dicebat
792 1897 872 1939 voce
896 1898 1024 1941 severa:

264 1961 395 2026 ‘Desine
420 1970 509 2025 tanta
531 1963 630 2046 loqui,
655 1962 848 2044 dulcissime,
872 1962 993 2044 desine,
1017 1963 1072 2044 fili,

264 2049 313 2112 Ne
337 2070 484 2112 maerore
507 2069 598 2112 meos
622 2050 719 2112 ducas
742 2051 774 2112 in
798 2056 918 2112 tartara
942 2070 1049 2114 canos.

263 2135 389 2219 Nempe
414 2136 517 2198 salute
541 2144 596 2197 tna
619 2135 741 2220 pendet
764 2143 889 2199 tantum
912 2157 986 2200 moa
1008 2137 1075 2200 rita

266 2222 307 2284 Et
330 2223 397 2284 sine
422 2229 454 2284 te
478 2224 616 2307 spatium
639 2224 733 2286 valeo
758 2225 810 2308 pie
834 2225 943 2286 vivere
966 2223 1100 2287 nullum.

265 2309 315 2371 'su
338 2308 436 2372 decus
460 2329 554 2371 omne
578 2330 696 2390 mcum,
719 2316 754 2372 tu
775 2310 879 2394 gloria
901 2330 1020 2394 magna
1066 2318 1211 2374 arentum

264 2395 308 2457 Es
330 2415 459 2479 quoque
482 2394 618 2459 subiecti
640 2395 733 2459 nobis
755 2417 830 2481 spes
853 2397 922 2460 sola
944 2331 1077 2482 popelii.

265 2481 471 2567 Quapropter
494 2483 631 2567 patriam
654 2489 800 2567 praestat
822 2504 874 2545 me
896 2483 1043 2567 linquere
1067 2503 1176 2547 caram

262 2568 395 2632 Necnon
419 2568 610 2652 Hispaniam
633 2571 773 2632 vinctum
795 2575 967 2653 penetrare
990 2569 1175 2654 superbam,

266 2654 370 2727 Quam
394 2661 425 2718 tc
450 2655 655 2738 grandaevae
678 2657 790 2719 vinclis
813 2676 905 2739 spem
928 2654 1057 2719 tradere
1082 2654 1188 2721 ritae?

306 2741 379 2804 Non
403 2741 475 2804 tulit
498 2763 575 2823 ergo
600 2750 725 2827 patrem
748 2742 901 2826 Pelagius
924 2743 987 2806 ists
1007 2744 1205 2828 loquentem.

262 2828 328 2892 Sed
351 2829 470 2891 mulcet
493 2827 584 2890 dictis
607 2835 749 2891 mentem
774 2830 840 2891 cari
863 2830 1017 2912 genitoris
1332 2832 1344 2887 t

264 2916 306 2979 Et
328 2916 416 2998 cogit
439 2914 575 2995 blandis,
600 2914 686 2998 quod
709 2916 819 2996 suasit,
843 2915 928 2978 velle
951 2917 1100 3001 loquelis.

265 3003 434 3066 Consensit
456 3001 606 3086 precibus
629 3000 760 3064 tandem
783 3003 910 3086 genitor
930 3001 1146 3075 venerandus,

264 3088 411 3152 Tradidit
434 3098 467 3151 et
489 3096 610 3168 natum,
634 3095 738 3151 semet
761 3087 961 3171 redimendo,
985 3091 1157 3153 misellum.

264 3176 353 3238 Tunc
376 3197 432 3238 ror
459 3175 627 3257 Pelagium
651 3176 741 3237 iussit
764 3174 942 3259 perducere
966 3196 1087 3255 secum,

267 3262 309 3324 Et
330 3264 435 3325 laetus
457 3261 562 3338 rediit,
587 3262 724 3345 patriam
746 3263 912 3345 victorque
935 3263 1055 3326 revisit.

310 3347 423 3410 Nullus
470 3369 504 3411 ro
529 3349 650 3410 meritis
674 3347 785 3411 credat
807 3349 927 3411 factum
951 3349 1020 3413 fore
1044 3350 1133 3434 regis

268 3432 350 3512 Hoc,
374 3370 467 3518 quod
484 3443 548 3496 tam
573 3434 706 3520 pulchra
730 3435 880 3498 vincebat
903 3433 1042 3520 denique
1066 3456 1196 3521 pompa

265 3520 331 3584 Sed
353 3541 447 3603 mago
471 3520 587 3583 iudicio
610 3522 726 3584 secreti
748 3520 861 3584 iudicis
884 3542 1000 3606 aequo,

266 3606 310 3669 Ut
331 3607 480 3691 populus,
505 3615 593 3670 tanto
617 3614 783 3691 correptus
806 3608 866 3671 rite
889 3609 1030 3692 flagello,

268 3694 378 3756 Floret
400 3695 498 3756 totius
521 3695 640 3778 proprii
664 3695 835 3757 commissa
857 3702 976 3775 reatus,

159 3802 454 3809 ....-..-.-...-
466 3804 506 3809 --
541 3803 583 3809 -.
606 3801 745 3809 .------
1134 3783 1299 3809 -f

247 3849 296 3901 1:33
318 3854 363 3901 tua
388 3853 423 3901 sic
445 3851 475 3900 J!
575 3850 623 3899 liiii
649 3861 687 3901 sat
710 3852 801 3901 validis
825 3851 988 3916 Popcbroclr,·
1012 3852 1058 3902 red
1082 3854 1117 3918 os.
1141 3850 1210 3902 Har.
1226 3846 1296 3902 soi.

159 3921 240 3983 Gonq.
254 3926 302 3970 509
368 3921 417 3971 loo
435 3923 524 3970 Nonne
543 3921 585 3970 Ji:
603 3922 716 3978 correari,
734 3923 824 3971 Nonne
844 3921 931 3982 Celtas,
950 3937 1029 3986 neque
1047 3938 1109 3972 vcro
1127 3916 1293 3988 1·an

157 3991 183 4039 in
203 3989 233 4037 d!
250 3991 398 4055 significato
415 4000 451 4040 est
527 3990 576 4041 168
596 3991 644 4038 Eos
664 3990 696 4038 J!
772 3989 817 4039 111
840 3991 940 4053 Quanto
959 3989 992 4038 d!
1062 3988 1113 4041 172
1130 3991 1242 4043 Contulit
1257 3979 1292 4041 Π

192 4073 341 4122 sequentem
360 4060 402 4108 M.-
421 4061 521 4109 correxi
609 4057 658 4108 118
676 4061 760 4109 lactus
779 4059 811 4107 M

322 4140 374 4147 -.-
392 4140 468 4147 -.-—

247 4180 294 4229 164
317 4183 351 4245 cs.
374 4198 429 4244 peu.
455 4184 538 4239 arm>
559 4180 689 4229 deducetis
711 4195 792 4229 canos
815 4195 884 4229 meos
910 4196 969 4228 curn
992 4195 1107 4230 maerore
1132 4178 1166 4230 ad
1187 4177 1281 4229 interos

159 4246 208 4299 118
231 4251 266 4315 cs.
291 4249 361 4298 ilar.
376 4254 424 4300 658
445 4259 468 4298 et
491 4248 586 4298 [dl-leli.
604 4248 787 4312 ll'oltb.94rq.
812 4248 945 4297 obsidibus
968 4248 1077 4313 sumptis
1102 4285 1109 4300 .
1132 4285 1140 4298 .
1161 4247 1281 4300 rodier&

157 4328 259 4384 pontone
276 4319 348 4370 laeto.
437 4316 487 4369 119
504 4322 538 4383 cs.
559 4318 639 4383 Gonp.
651 4325 704 4368 141.
795 4316 842 4367 181
863 4319 897 4383 cf.
917 4317 988 4367 Mor.
1001 4320 1057 4369 133.
