2910 5024
248 366 299 423 182
610 365 872 423 flacusvl'ruau
889 365 1021 424 OPERA.

137 536 218 628 [13]
326 538 496 605 Ansrsuus.
545 538 630 603 Num
655 537 710 601 uid
737 537 933 603 tantillarum
956 539 962 622 1
987 537 1148 605 adventus
1175 542 1372 609 muliercule·

246 647 318 690 rum
337 627 342 708 Ι
362 625 484 712 aliquid
505 626 553 689 rei
566 558 723 776 pubiicae
746 624 909 691 adducere
931 627 1052 710 poterit
1074 625 1349 709 detrimentum!

332 712 524 778 Auriocsus.
596 713 823 795 magnum}
1373 726 1449 791 sam

332 798 501 863 Annianus.
547 794 663 871 Quod?

200 889 219 948 4
329 882 520 949 Aurrocnus.
564 883 659 948 Pacis
682 880 854 948 deiectum.
1397 908 1407 947 a

331 968 501 1036 Anauros.
547 968 619 1043 Quo
640 974 756 1056 pacto?

330 1054 521 1121 Arriocsus.
564 1055 608 1119 Et
630 1055 717 1141 quod
739 1055 842 1119 maius
867 1059 977 1140 potest
998 1076 1151 1142 rumpere
1178 1058 1283 1123 civilis
1303 1080 1374 1125 con·

246 1139 388 1205 cordiam
410 1143 535 1227 pacis!
577 1162 652 1206 uam
676 1141 874 1206 dissonantia
897 1141 1178 1226 observationisil

329 1229 500 1294 Annianus.
542 1164 631 1293 riihil
652 1229 791 1314 gravius,
812 1228 817 1311 Ι
835 1227 914 1292 nihil
936 1226 1093 1299 deterius:
1113 1234 1120 1313 Ι
1140 1228 1230 1316 quod
1245 1236 1376 1298 testetur

245 1314 331 1378 orbis
354 1313 527 1392 Romanus,
549 1317 554 1397 Ι
573 1316 628 1400 qui
656 1314 893 1400 undiquesecus
922 1314 1114 1380 christianae
1143 1315 1256 1381 caedis
1285 1318 1374 1385 corde
1388 1338 1408 1376 υ

245 1406 295 1464 est
315 1400 463 1467 iniectus.

199 1490 218 1550 5
326 1403 515 1552 acriminis.
560 1484 653 1550 Haec
675 1487 773 1570 igitur
795 1486 926 1567 femina,
948 1487 1038 1550 cuins
1060 1486 1261 1554 mentionem
1285 1490 1373 1558 acio.

240 1572 387 1637 hortatur
408 1579 579 1653 nostrates,
602 1574 705 1636 avitos
727 1573 806 1636 ritus
830 1571 982 1639 deserere
1002 1574 1008 1657 Ι
1028 1580 1063 1638 ct
1083 1573 1282 1643 christianae
1304 1578 1372 1643 reli·

244 1659 331 1744 gioni
353 1680 389 1724 se
413 1658 569 1734 dedere!

329 1744 499 1810 Ausinius.
544 1744 630 1809 Num
652 1743 819 1830 praevalet
840 1743 1128 1831 hortamentum!
1385 1766 1404 1807 a

329 1832 519 1896 Annocnns.
562 1830 718 1901 Nimium
733 1832 736 1913 i
749 1849 824 1892 nam
846 1836 976 1895 nostrae
991 1833 1146 1918 coniuges
1162 1832 1369 1907 fastidiendo!

95 1939 157 1988 paq.
169 1925 222 1974 275.
241 1937 300 1980 nos
316 1923 547 2002 contempnunt
569 1916 663 1998 adeo,
680 1916 683 2001 i
697 1922 732 1979 ut
748 1914 963 2000 dedignantur
983 1919 1152 1984 nobiscum
1169 1919 1351 2001 comedere,
1365 1936 1369 1997 ξ

242 2009 362 2088 quanto
384 2005 490 2068 minus
512 2003 688 2085 dornrirc.1

328 2090 499 2156 Anauros.
542 2089 672 2168 Fateor,
696 2089 882 2174 periculum.

195 2182 214 2241 6
328 2175 516 2242 associes.
561 2175 669 2240 Decet
691 2177 737 2239 tui
758 2194 931 2261 personam
952 2196 1161 2261 praecavere.
1382 2196 1403 2237 a

328 2261 497 2327 Acrisius.
549 2261 769 2347 Consequens.
812 2260 1002 2327 Advocctur
1019 2265 1025 2347 Ι
1045 2270 1080 2328 ct
1100 2265 1134 2330 in
1156 2266 1260 2331 nostri
1282 2284 1369 2351 pmc-

240 2349 355 2429 sentia‚
378 2369 420 2411 an
442 2349 520 2412 velit
542 2347 671 2429 cedere,
695 2347 891 2414 discutiatur.
912 2355 917 2430 Ι

326 2434 514 2499 Annocnus.
560 2433 634 2515 Vin,
656 2455 709 2498 me
732 2436 821 2498 illam
843 2434 1048 2520 advocaret!

325 2521 495 2585 Annianus.
540 2520 624 2586 Volo
648 2528 805 2606 percerte.
826 2521 831 2606 Ι

140 2776 173 2840 11
203 2781 213 2839 l
327 2775 517 2842 Aunocsrs.
563 2776 648 2851 Quid
669 2780 804 2860 vocaris,
828 2800 846 2843 o
868 2779 985 2846 mulier
1005 2777 1180 2858 adsonat!
1382 2796 1402 2839 ι

328 2862 498 2927 Sericum.
544 2863 745 2950 Sapientia!

325 2950 515 3013 Asrrocuus.
570 2951 753 3036 Imperator
781 2949 942 3016 Adrianus
969 2955 975 3031 1
1002 2952 1095 3017 iussit
1123 2958 1158 3017 tc
1190 2952 1227 3019 in
1254 2952 1370 3041 palatio

240 3036 439 3120 praesentari
462 3037 527 3100 suis
551 3037 785 3123 conspectibus.
806 3041 811 3117 Ι

327 3123 501 3188 Simorum.
546 3123 706 3188 Palatium
723 3145 794 3188 cum
817 3122 918 3187 nobili
932 3122 1069 3188 filiarum
1085 3124 1243 3191 comitutu
1256 3126 1370 3191 mucro

239 3229 303 3272 non
341 3206 468 3293 trepido
499 3213 504 3285 Ι
535 3217 568 3273 ct
604 3211 762 3274 minacem
798 3211 1001 3295 imperatoris
1032 3210 1158 3275 vultum
1194 3214 1401 3277 comminus!

240 3296 384 3378 aspicere
407 3314 470 3357 non
493 3295 641 3360 formido.
662 3304 667 3369 Ι

194 3380 213 3438 2
326 3382 516 3445 Asrroouss.
540 3382 681 3447 Invisum
696 3402 799 3467 genus
815 3381 1068 3447 christicolarum
1080 3381 1085 3466 Ι
1097 3402 1231 3470 semper
1244 3404 1369 3471 promp-

242 3478 309 3530 tum
333 3474 382 3531 est
404 3467 599 3554 principibus
622 3468 664 3532 ad
685 3468 909 3533 resistendum.
930 3468 935 3547 Ι

329 3554 502 3617 seriarum.
547 3555 702 3641 Princeps
723 3555 950 3636 universitatis,
972 3554 1027 3638 qui
1047 3554 1152 3619 nescit
1170 3556 1267 3639 vinci,
1285 3558 1293 3643 Ι
1310 3574 1368 3621 ror
1381 3576 1402 3617 a

242 3640 370 3724 patitur,
393 3658 468 3701 suos
490 3639 531 3704 ab
554 3641 647 3705 hoste
670 3642 823 3727 superari.
844 3641 850 3720 Ι
1378 3644 1449 3719 ΙσῑΙ

325 3726 513 3794 Asmoonrs.
557 3726 673 3813 Mitiga
701 3728 897 3792 effluentiam
919 3726 1092 3791 uerborum
1112 3734 1119 3803 Ι
1137 3733 1173 3791 et
1199 3748 1303 3815 perge
1330 3724 1368 3791 eci

239 3813 429 3898 palatium!

325 3984 495 4037 bdeiectum.
514 3990 561 4038 Ao.
581 3989 608 4037 in
625 4005 679 4038 rac.
697 3987 732 4037 i!
831 3986 846 4039 7
870 3988 939 4054 quod
956 3988 1041 4039 meins
1058 4005 1093 4039 aa
1112 3987 1293 4041 deviam
1307 3986 1367 4051 (aa

239 4056 303 4104 nihil
321 4057 438 4122 gravius,
457 4057 522 4106 nihii
540 4057 650 4108 deterius
668 4057 750 4108 videri
763 4066 858 4123 potent:
881 4058 916 4123 cs.
931 4057 1082 4124 p.1⁰0‚3)=
1103 4058 1168 4123 quid
1189 4060 1275 4127 megin
1292 4058 1366 4111 &h

242 4142 273 4189 lit
285 4128 470 4207 u11diqi¹⁰iccus
482 4142 520 4205 Μ,
533 4151 561 4192 ut
572 4160 626 4193 unc
632 4160 700 4207 para
711 4145 786 4209 sacret
856 4142 889 4196 12
901 4145 959 4196 Hoc
970 4144 1005 4196 Π
1012 4142 1148 4208 (obicem
1155 4144 1366 4211 μωμᾶ-

235 4211 374 4273 ιιιειιιιίηιυη
391 4230 443 4263 cese
460 4214 513 4262 aeri
530 4213 651 4264 dissimile
668 4212 716 4278 eat)

324 4348 359 4400 ‘22
376 4352 410 4417 cf.
429 4349 530 4402 Dulc.l
547 4351 563 4413 §
574 4357 597 4402 4.
