2910 5024
581 339 845 397 HROTSVITHAE
863 340 993 397 opust.

328 516 393 580 Per
416 536 512 600 quem
536 514 577 578 dc
600 514 711 579 vinclis
732 520 866 599 possent
888 512 1030 578 evadere
1053 512 1154 581 duris.

328 602 422 666 Haeo
444 603 490 665 its
513 608 661 687 percerte
684 608 811 664 constet
833 600 997 686 complete
1019 600 1121 667 fuisse

330 688 441 769 Ocius,
464 688 585 751 auxilio
609 686 728 751 Christi
751 694 923 774 praesente
946 686 1092 773 benigni.
1295 712 1327 757 ιι

328 774 412 839 Nem
436 782 530 838 ceute
553 774 650 837 fovee
672 775 764 837 iuxta
786 774 941 860 placitum
963 782 1127 859 reperete,

328 861 473 925 Advenit
494 861 637 924 libertati
658 880 725 923 nox
747 868 825 946 epte
847 860 980 941 recenti,

329 948 369 1011 In
392 968 465 1032 que,
489 946 565 1010 dum
588 967 718 1009 somnus
740 946 846 1032 plebis
867 950 1078 1047 proserperet
1100 952 1201 1029 ertne,

330 1034 469 1097 Tantum
493 1054 565 1097 cum
587 1033 681 1096 sociis
704 1033 816 1117 regine
839 1032 983 1119 pirssime
1005 1032 1089 1097 binis

329 1119 509 1184 Custodum
530 1119 661 1183 fraudes
684 1119 811 1203 fugiens
834 1124 986 1183 evaserat
1008 1138 1124 1181 omnes

328 1206 438 1291 Atque
461 1207 533 1269 viee
557 1206 696 1290 spatium
718 1205 821 1269 noctis
843 1205 903 1270 sub
925 1212 1076 1291 tempore
1099 1210 1226 1271 tentum

328 1292 517 1373 Pertransit,
540 1291 659 1377 plantis
683 1298 838 1377 quantum
860 1290 949 1355 velet
971 1311 1051 1375 ergo
1074 1292 1214 1361 tenellis.

331 1378 408 1461 Sed,
432 1400 508 1441 mox
530 1385 566 1441 ut
588 1379 693 1442 scissis
716 1379 812 1441 cessit
833 1398 900 1441 nox
922 1378 1016 1441 furve
1037 1378 1194 1461 tenebris,

330 1467 440 1549 Atque
464 1464 557 1549 polus
578 1464 677 1528 rediis
701 1465 809 1551 coepit
831 1464 1010 1550 pallescere
1033 1463 1122 1541 solis,

329 1550 543 1615 Abscondens
566 1551 599 1614 in
622 1551 755 1615 secretis
779 1570 815 1614 se
838 1550 962 1615 centius
984 1550 1097 1631 antris,
1289 1580 1327 1621 m

328 1636 422 1701 Nunc
444 1643 543 1721 vaget
563 1639 597 1700 in
619 1637 716 1715 silvis,
738 1636 845 1700 latitet
867 1656 951 1701 nunc
973 1634 1118 1723 denique
1140 1636 1231 1703 sulcis

329 1723 420 1787 Inter
442 1730 584 1786 maturas
607 1721 736 1787 Cereris
758 1724 933 1787 crescentis
955 1722 1088 1797 oriem

329 1809 443 1873 Donec
466 1829 542 1888 nox,
565 1809 667 1872 solitis
689 1808 819 1874 rediens
840 1808 954 1873 indute
975 1809 1133 1891 tenebris,

331 1895 467 1979 Obtegit
488 1916 613 1959 rursum
636 1895 755 1960 nebulo
778 1901 899 1959 terrem
920 1894 1114 1960 tenebroso:

330 1981 421 2045 Tunc
443 1981 559 2045 itereto
583 1982 668 2045 viem
692 1981 814 2046 studuit
836 2000 1025 2069 percurrere
1048 1990 1207 2067 coeptum.
1276 2000 1315 2041 cn

372 2068 523 2152 Denique
547 2068 708 2151 custodes,
731 2069 821 2132 illem
842 2089 907 2132 non
928 2067 1144 2149 invenientes,

329 2153 515 2218 Nerrebent
537 2154 659 2218 fectum
682 2154 791 2218 comiti
813 2154 948 2219 nimium
969 2154 1164 2235 tremefacti,

331 2239 418 2304 Oura
441 2241 492 2303 oui
515 2240 757 2305 conservandae
781 2240 842 2305 fuit
862 2240 965 2305 indite
987 2240 1140 2307 domnae.

332 2325 405 2405 Qui,
428 2334 552 2391 terrore
575 2328 682 2411 gravis
729 2348 877 2393 ereussus
899 2326 997 2393 corde
1019 2328 1155 2409 timoris,

331 2412 445 2496 Pergit
467 2434 539 2477 cum
562 2414 656 2477 sociis
679 2348 767 2478 iliam
790 2433 850 2500 per
871 2414 979 2479 uirere
1000 2414 1127 2489 multis:
1269 2420 1307 2465 ’Ψ

330 2498 374 2562 Et
396 2520 469 2562 cum
492 2499 656 2579 deficeret,
678 2521 740 2564 nec
762 2500 826 2563 iem
849 2434 1020 2565 dinoscere
1042 2506 1163 2587 posset,

332 2584 404 2657 Quo
428 2587 542 2670 regine
564 2607 656 2649 suum
680 2586 792 2650 tulerit
813 2586 990 2651 clarissime
1012 2606 1169 2673 gwesum,

330 2671 456 2735 Detulit
478 2672 519 2735 ed
542 2692 655 2756 regem
678 2671 903 2753 Beringerium
926 2670 1058 2737 timidus
1079 2692 1158 2739 rem.

332 2756 396 2820 Hic
419 2778 559 2843 quoque,
583 2759 735 2823 continuo
759 2760 890 2823 nimium
912 2778 1089 2824 conversus
1109 2760 1143 2825 in
1163 2760 1241 2837 mn,

333 2842 592 2929 Circumqueque
615 2866 690 2909 euos
712 2846 819 2910 subito
842 2844 994 2911 mittebat
1015 2846 1173 2925 alumnos,
1271 2856 1307 2897 Μ’·

330 2930 549 3015 Praecipiens,
572 2931 644 2995 illos
666 2932 789 2996 nullum
811 2933 947 2996 transite
969 2932 1133 3007 locellum,

331 3014 398 3080 Sed
421 3026 515 3081 ceute
539 3024 671 3081 cunctas
694 3019 758 3082 ism
781 3019 979 3105 perlustrare
999 3018 1155 3101 letebres,

326 3100 366 3185 ¹Si
390 3104 496 3167 forsan
520 3104 654 3168 latebris
677 3106 790 3190 regine
812 3105 930 3169 leteret
951 3104 985 3169 in
1005 3104 1091 3171 ullis.

331 3188 473 3274 Ipseque
497 3212 569 3254 cum
593 3191 684 3254 fortis
706 3192 852 3276 sequitur
873 3191 969 3256 turbe
990 3191 1141 3343 legionis,

333 3274 403 3339 Ceu
427 3277 481 3360 qui
505 3277 573 3341 vult
594 3276 705 3340 hostes
728 3277 816 3342 bello
840 3296 996 3363 superero
1052 3296 1156 3359 moes,
1273 3282 1309 3333 μ’

330 3361 373 3425 Et
395 3362 507 3446 rapido
530 3370 678 3447 segetem
701 3385 796 3428 cursu
818 3364 1006 3451 peragravit
1026 3362 1176 3441 eundem,

332 3446 371 3511 In
395 3450 484 3512 cuius
507 3450 603 3514 sulcis
626 3450 720 3513 latuit
743 3459 818 3515 tunc
841 3449 961 3515 domne
983 3450 1128 3516 recurvis

223 3556 261 3595 ue
331 3534 434 3616 Haec,
459 3556 556 3620 quem
580 3536 770 3621 quaerebat,
793 3536 922 3601 Cereris
944 3544 1096 3602 contente
1117 3534 1177 3603 sub
1195 3532 1257 3601 stt:

333 3620 410 3701 Sed,
434 3623 510 3686 licet
532 3622 595 3686 huc
617 3623 757 3710 illucque
780 3624 886 3688 locum
909 3628 1116 3709 percurreret
1134 3624 1241 3711 ipsun,

226 3756 335 3769 -ι-
346 3762 504 3769 .--——

311 3843 362 3895 545
380 3853 538 3912 perserperet
556 3844 632 3897 Pcrtz
726 3843 778 3897 546
795 3846 872 3897 bonis
889 3843 964 3911 fflp'
1062 3842 1118 3897 550
1133 3846 1207 3899 fem
1220 3840 1246 3905 (f-
1257 3842 1311 3915 'f'

224 3914 360 3979 incertum)
379 3914 410 3964 Μ
482 3914 534 3965 554
551 3924 665 3965 maturos
678 3912 709 3962 A!
777 3912 829 3967 556
846 3910 962 3981 Obtegit]
980 3914 1017 3981 cs.
1033 3932 1058 3967 v.
1067 3916 1119 3969 tte
1182 3910 1230 3967 ffl
1241 3906 1311 3961 μ

222 3985 315 4049 scripsi
332 3984 454 4047 (multum
474 3984 579 4048 (errae.-
596 3984 716 4034 nnntium
736 3982 780 4043 M:
797 3984 832 4049 cs.
848 3992 910 4049 pest.
924 3984 976 4035 382
992 3990 1018 4035 et
1034 3984 1111 4037 Alce.
1127 4002 1151 4037 c.
1162 3980 1248 4049 AN
1256 3958 1311 4037 (ΜΞ

223 4061 281 4103 tom.
295 4053 311 4103 1
324 4069 353 4117 p.
366 4054 422 4117 199)
440 4054 519 4103 nimio
536 4055 687 4104 tremefacto
705 4054 795 4104 timore
894 4050 948 4105 562
965 4052 1044 4121 -ergit
1060 4070 1122 4107 eun
1137 4053 1167 4107 in
1181 4064 1229 4105 m·
1240 4028 1312 4097 ΙΙΙ

225 4120 277 4171 eto
295 4123 345 4172 Sed
363 4124 423 4173 licet
439 4124 475 4173 sic
495 4122 538 4182 Mi
555 4124 590 4189 cs.
610 4122 665 4174 Pet.
680 4126 791 4188 tdftqq.

310 4326 362 4379 542
379 4330 414 4396 cs.
430 4338 490 4395 qest.
504 4332 561 4380 432.
649 4325 703 4379 550
719 4328 755 4393 cs.
775 4326 847 4379 Mor.
858 4330 916 4381 358.
1002 4324 1056 4381 556
1073 4328 1110 4395 ef.
1123 4324 1240 4395 μω
