2910 5024
181 344 231 399 172
540 342 802 398 HROTSVITHAE
821 341 950 399 OPERA.

28 471 160 600 ’ἭΙΙ
265 518 371 583 Tuus.
411 515 599 589 Conuenite,
622 516 851 603 properamini,
865 516 869 601 Ι
882 536 1024 603 nequam
1039 527 1202 585 amatores
1214 523 1278 587 mai

265 623 434 668 insonus.
479 601 555 666 Vox
581 601 715 666 Thaidis
734 603 739 686 Ι
758 623 817 667 nos
833 605 988 671 vocantis.
1008 606 1014 689 Ι
1034 604 1221 673 Adventum
1240 628 1298 673 uu·

180 697 333 769 tutemus,
354 690 359 774 Ι
377 710 419 754 ne
441 690 530 753 illam
552 687 711 752 tardando
734 688 971 771 offendamus!

265 777 374 841 Tanis.
406 775 609 856 Accelerste,
627 775 631 860 Ι
648 774 804 857 accedite,
824 777 829 860 Ι
847 782 884 840 ut
899 795 1017 862 queam
1032 777 1200 843 vobiscum
1213 778 1300 845 verbe

178 883 323 928 miseere.
1320 884 1328 923 ι

134 950 153 1011 2
263 864 432 1014 sanniones.
477 945 633 1027 OThais,
656 946 764 1028 Thais,
783 949 790 1027 Ι
809 948 886 1049 quid
907 949 969 1014 sihi
994 949 1065 1014 vult
1087 969 1196 1036 rogus,
1218 970 1302 1053 quem

180 1037 354 1100 construis?
374 1032 379 1119 Ι
400 1033 465 1098 Gur
494 1033 708 1117 pretiosarum
732 1034 737 1118 Ι
763 1041 956 1099 varietatem
986 1034 1172 1101 divitiarum
1194 1046 1202 1119 Ι
1224 1046 1303 1103 sunto

177 1143 292 1208 rogum
315 1120 481 1207 congeris?
501 1125 506 1198 Ι

264 1208 371 1273 Tuus.
416 1205 599 1288 Rogstistl

264 1314 432 1359 sarronae.
478 1289 685 1354 Admiramur
707 1292 820 1370 satis!
1315 1310 1332 1349 a

265 1380 372 1444 Tanis.
417 1377 741 1527 Exqqnamcitius.1

264 1485 433 1531 nannenus.
514 1484 552 1526 oc
575 1464 759 1549 optamus!

132 1552 151 1613 3
263 1552 371 1616 Tuus.
415 1549 597 1636 Aspicite!

264 1659 435 1704 ruinosas.
479 1636 628 1716 Quiesce,
652 1636 793 1721 quiesce,
812 1639 818 1717 Ι
837 1634 946 1699 Thais.
965 1635 972 1721 Ι
992 1634 1080 1711 Quid
1102 1638 1197 1725 agis?
1215 1642 1220 1721 Ι
1238 1660 1305 1705 nun

175 1724 315 1789 insanis?
1319 1740 1337 1781 u

263 1728 372 1876 ΤιιιΙε.
416 1808 489 1873 Non
512 1807 645 1886 insanio,
665 1806 671 1885 1
690 1805 749 1871 sed
771 1826 885 1870 sanum
906 1807 1008 1893 sapio.
1028 1808 1034 1891 Ι

263 1917 434 1962 suasores.
488 1893 535 1958 Ut
556 1891 632 1978 quid
655 1892 737 1957 haec
759 1892 897 1979 perditio
913 1892 1222 1980 quadringentarum
1243 1898 1353 1967 curii&

178 1983 330 2048 librarum
351 1986 356 2064 Ι
376 2002 448 2046 cum
471 1981 606 2044 aliarum
630 1978 817 2043 diversitate
841 1985 1040 2065 gazarumt!

264 2069 372 2134 Tuus.
418 2066 531 2143 Omne,
576 2064 641 2129 uod
666 2066 784 2129 iniuste
807 2087 827 2130 a
848 2066 941 2130 vobis
962 2069 1096 2147 extorsi,
1116 2068 1123 2154 Ι
1141 2068 1219 2155 igne
1241 2070 1307 2135 rolo

179 2157 324 2238 cremari,
348 2164 353 2232 Ι
377 2175 417 2219 ne
448 2154 531 2216 ullus
555 2087 663 2215 domes
691 2152 783 2216 vobis
812 2152 1012 2238 relinquatur
1043 2154 1210 2240 sperandi,
1231 2158 1239 2241 Ι
1260 2176 1307 2221 ms
1320 2180 1341 2221 ιι

178 2243 263 2307 ultra
284 2248 392 2306 vestro
416 2239 517 2304 amori
539 2236 685 2302 cedendi.
706 2239 711 2319 Ι

135 2323 153 2381 4
263 2347 433 2392 nuaroans.
489 2323 636 2388 Subsiste
670 2322 852 2410 paulisper,
886 2324 1025 2390 subsiste
1049 2327 1056 2405 Ι
1080 2332 1116 2391 st
1145 2329 1309 2395 materiem

178 2421 253 2479 tuae
300 2412 527 2478 erturbationis
550 2410 706 2496 detege}

28 2530 92 2580 paq.
102 2516 159 2565 acc.
295 2520 373 2565 aare.
417 2499 491 2562 Non
512 2496 669 2581 subsisto!
683 2516 743 2560 nea
758 2515 941 2560 samonem
963 2497 1133 2563 achiacum
1147 2500 1289 2567 couisro.
1304 2528 1308 2578 ;

263 2606 432 2650 sassones.
490 2582 556 2647 Cur
578 2581 784 2668 dedignando
807 2602 866 2646 nos
889 2582 1034 2648 fastidis?
1053 2592 1059 2661 1
1077 2605 1158 2650 num
1182 2588 1346 2653 alicuiuu

178 2671 375 2738 infidelitatis
390 2691 449 2735 nos
464 2671 591 2754 arguis?
606 2669 610 2753 Ι
624 2689 729 2733 nonne
746 2688 876 2754 semper
886 2669 1101 2735 satisfecimus
1115 2672 1183 2739 tuis
1194 2676 1294 2740 rotis!

179 2766 213 2824 et
234 2766 269 2822 tu
291 2759 400 2843 iniquo
424 2756 498 2820 odio
522 2776 581 2819 nos
604 2757 703 2840 gratis
725 2753 926 2838 insectaris!

265 2845 373 2910 Tuus.
412 2843 591 2909 Dimittite:
608 2846 612 2923 Ι
630 2842 730 2906 nolite
745 2847 871 2906 restem
887 2861 994 2906 meam
1009 2840 1219 2910 adtrahendo
1233 2846 1311 2911 sciu-

180 2932 268 2996 dere.
289 2932 294 3013 Ι
314 2930 363 2994 sit
384 2931 478 3010 satis,
502 2928 588 3013 quod
610 2929 673 2992 hoe
696 2947 798 3013 usque
819 2926 985 3013 peccando
1008 2929 1102 2994 vohis
1124 2933 1290 2999 comensi:

179 3020 251 3082 finis
273 3019 373 3081 instat
394 3014 551 3102 peccandi
571 3018 576 3091 Ι
597 3021 790 3100 tempusque
812 3015 913 3079 nostri
935 3013 1097 3099 discidii!
1325 3034 1348 3073 ιι

133 3101 152 3159 5
262 3123 433 3169 nannenus.
479 3101 551 3175 Quo
574 3099 727 3175 tendit‘ti

265 3189 373 3254 Tuus.
419 3188 484 3252 Ubi
505 3208 601 3252 nemo
625 3194 768 3252 vestrum
790 3184 926 3271 posthac
947 3206 1001 3252 ms
1023 3186 1161 3255 videbit.
1183 3187 1190 3266 Ι

266 3295 435 3340 suaroans.
489 3275 617 3359 Papae!
664 3272 750 3347 Quid
772 3272 835 3337 hoc
857 3272 992 3338 monstri
1013 3280 1080 3355 est,
1103 3274 1195 3361 quod
1216 3275 1313 3341 nostri

180 3361 321 3437 delicias,
345 3360 454 3440 Thais,
479 3381 562 3447 quae
584 3360 702 3424 divitiis
719 3360 852 3425 effluere
869 3380 999 3446 semper
1012 3360 1188 3443 usensis,
1206 3362 1214 3443 1
1232 3380 1312 3450 quac

178 3453 321 3511 mentem
338 3468 357 3510 a
373 3448 505 3510 iascivia
526 3466 700 3532 numquam
721 3446 857 3510 retraxit
877 3446 882 3529 Ι
902 3452 936 3510 et
957 3466 993 3511 ss
1009 3448 1173 3534 roluphtti
1187 3450 1344 3537 penitus

179 3533 277 3603 dedit.
294 3536 298 3617 Ι
312 3540 402 3597 tanta
425 3535 492 3597 auri
509 3553 774 3619 gemmarumque
789 3533 928 3619 insignia
941 3532 1067 3619 absque
1082 3536 1311 3601 nummum·

178 3618 320 3705 perdidit
339 3623 344 3699 Ι
365 3628 398 3684 et
414 3641 473 3683 nos
488 3621 537 3683 sui
553 3621 736 3684 amasiones
752 3618 958 3705 dedignando
973 3620 1098 3706 sprevit
1115 3624 1123 3704 Ι
1141 3622 1310 3709 subitoque

177 3728 241 3771 non
265 3708 465 3792 comperuit?
485 3710 491 3787 Ι

264 4002 298 4053 25
316 4000 371 4067 nos]
390 4007 409 4052 1'1
429 4002 459 4052 Μ
527 4000 561 4052 34
579 4003 682 4054 delicies
700 4003 736 4053 ric
751 4003 793 4063 rt·
811 4002 863 4055 Ην.
881 4002 986 4068 deceptu
1002 4002 1106 4054 cidare
1122 4004 1241 4071 cupio
1255 4000 1309 4055 Ve-

175 4072 552 4191 {id‘ssqtsscl'sstioffmsssmfflum
577 4080 663 4138 pastor
684 4072 803 4139 Corydon
825 4072 931 4123 urdchst
953 4072 1061 4138 Alexin,
1084 4072 1197 4126 delicias
1219 4072 1308 4127 effi

179 4325 212 4377 ΙΙΙ
231 4256 457 4393 es2qss13uqebo,
471 4259 551 4324 Pasa.
565 4258 609 4320 ΘΙ
622 4266 643 4309 1.
714 4258 747 4310 15
759 4260 793 4326 cf.
807 4258 884 4311 Due.
897 4260 988 4325 1,.319.
1057 4254 1095 4313 88
1110 4262 1148 4329 es.
1160 4260 1311 4325 ΛΜΗ.
