2910 5024
515 353 777 411 HROTSVITHAE
796 353 927 411 OPERA.

261 530 333 603 Quo
357 531 441 594 male
465 527 662 613 Gongolfum
685 535 821 614 possunt
842 529 1035 614 extinguere
1059 538 1209 615 sanctam

305 616 399 680 Haec
423 622 456 679 et
478 636 631 701 perverso
655 616 780 680 nuntiat
803 616 981 700 armigero;

264 702 338 784 Qui,
361 723 511 767 resecans
534 723 648 766 coxam
673 704 783 766 stricto
806 722 959 766 mucrone
983 711 1145 769 sacratam

304 789 414 854 Sancti
437 788 599 872 Gongolfi‚
622 790 772 874 martyris
796 788 916 870 eximii,

260 876 415 941 Deseruit
436 877 584 962 patriam,
608 876 735 959 fugiens
759 895 832 939 cum
854 876 1003 960 coniuge,
1027 896 1146 952 caram,

306 963 433 1048 Raptus
456 983 567 1026 amore
591 982 668 1026 suae
691 960 869 1025 indomitae
893 961 1056 1028 dominae.

266 1048 333 1114 Sed
355 1071 419 1113 non
442 1049 557 1134 legalis
581 1048 677 1112 finem
700 1055 736 1112 ut
758 1048 894 1113 nescirit
915 1051 1045 1123 amoris,

308 1135 361 1200 Sic
384 1134 524 1200 vindicta
546 1155 638 1199 suam
661 1136 763 1198 nescit
785 1134 907 1199 habere
931 1154 1067 1217 moram,

263 1222 398 1286 Viscera
420 1221 479 1286 sed
501 1222 607 1286 subito
629 1220 772 1306 profudit
796 1222 930 1285 caelitus
953 1228 1037 1303 acta,

306 1308 437 1373 Pridem
460 1309 585 1372 laetitia
608 1328 691 1392 quae
716 1308 844 1372 fuerant
867 1307 1006 1382 tumida;

263 1395 381 1480 Sicque
404 1395 512 1475 miser,
536 1395 624 1458 celsa
646 1400 825 1479 prostratus
847 1394 974 1459 vindice
999 1395 1126 1469 dextra.

306 1481 383 1546 Vita
405 1487 582 1545 mercatam
604 1480 794 1566 perdiderat
815 1501 963 1565 ganeam.

262 1620 356 1700 Nam,
380 1619 491 1683 martir
513 1626 643 1682 sanctus
666 1619 783 1682 furtivo
807 1619 941 1683 vulnere
964 1619 1073 1684 laesus

308 1707 396 1771 Dum
419 1706 531 1769 mortis
553 1712 682 1790 gustum
707 1705 855 1770 ebiberet
877 1705 1026 1791 rapidum

262 1793 396 1858 Necnon
419 1793 576 1880 supremis
600 1793 739 1856 moriens
762 1792 899 1878 spiraret
920 1794 953 1856 in
975 1792 1074 1873 horis,

308 1880 449 1944 Astabat
472 1886 584 1944 coetus
608 1879 786 1942 comminus
810 1879 985 1963 angelicus,

266 1967 357 2032 Voce
381 1967 469 2031 ciens
491 1966 640 2030 stabilem
664 1986 779 2050 corpus
803 1964 967 2049 deponere
991 1971 1110 2029 testem

311 2052 506 2117 Contentum
529 2053 620 2115 venis
642 2052 739 2115 fictile
762 2051 966 2137 languidolis,

266 2139 411 2221 Necnon,
434 2139 589 2223 angelicis
613 2138 791 2203 blanditum
815 2139 956 2202 suaviter
979 2137 1117 2223 hymnis,

310 2226 389 2290 Mox
412 2227 493 2290 caeli
517 2226 616 2289 calles
640 2245 773 2310 carpere
797 2224 953 2290 sidereas.

267 2312 364 2377 Ocius
387 2313 539 2397 expirans
561 2312 702 2376 animam
724 2313 837 2376 martir
858 2312 943 2377 bene
966 2313 1068 2375 lotam

308 2398 395 2482 Agni
417 2400 538 2463 lucenti
560 2400 717 2483 sanguine
740 2398 894 2483 purpurei

268 2484 405 2549 Tollitur
428 2506 470 2549 ex
493 2506 573 2549 aura
594 2487 787 2570 vegiturque
810 2505 869 2569 per
892 2491 979 2548 seha
1002 2503 1129 2565 serena,

311 2571 350 2635 ln
373 2573 456 2636 caeli
479 2579 573 2656 porta
596 2573 716 2635 sistitur
739 2579 773 2635 et
795 2570 936 2635 domino.

267 2657 330 2722 Hic
352 2658 413 2723 sibi
436 2657 477 2723 de
502 2657 619 2722 Christi
643 2658 745 2722 fertur
767 2679 845 2721 mox
866 2658 979 2722 laurea
1001 2677 1076 2721 rara

309 2743 354 2808 Et
376 2745 523 2809 manibus
546 2745 649 2809 bravii
671 2745 815 2829 palmula
836 2744 997 2830 perpetui,

267 2830 469 2918 Lucentique
493 2832 577 2895 stola
600 2832 711 2896 cuneis
734 2832 937 2915 coniungitur
959 2829 1042 2894 albis

311 2917 376 2983 Per
397 2920 511 2983 vulnus
534 2919 623 2998 loeti,
647 2939 727 3004 quos
750 2924 841 2982 tenet
863 2918 938 2981 aula
960 2917 1037 3002 poli.

266 3056 402 3122 Funeris
424 3059 551 3121 interea
573 3058 683 3141 magni
705 3056 740 3120 fit
763 3076 883 3141 pompa
906 3054 1021 3139 parati,

312 3144 436 3208 Ornant
459 3144 619 3228 exequiae
643 3162 759 3228 eorpus
784 3147 817 3205 et
840 3141 1005 3210 exanima

268 3230 474 3316 Plangebant
497 3230 603 3294 cuncti
626 3249 736 3292 oasum
760 3229 905 3312 tantique
928 3226 1066 3312 patroni,

310 3316 415 3402 Ipsius
436 3317 549 3382 famuli
571 3317 713 3380 maxime
738 3314 797 3379 sed
818 3314 937 3378 miseri.

268 3402 319 3467 Eli
346 3405 471 3489 'torque
494 3405 584 3468 locus
606 3403 730 3466 tumulo
754 3402 899 3486 locuples
922 3396 1121 3479 venerando,

312 3425 416 3562 &bem
439 3488 570 3554 tradunt
593 3496 721 3553 veteres
746 3488 808 3552 Tul
829 3488 973 3552 vocitare
995 3491 1123 3570 patrem

268 3575 339 3640 Illic
363 3574 514 3662 Gongolfi
538 3575 722 3640 condebant
744 3575 892 3639 membra
914 3573 1013 3650 beati,

312 3661 428 3726 Sacros
452 3669 643 3748 spargentes
666 3683 739 3726 oum
760 3662 901 3726 lacrimis
924 3661 1060 3725 cineres.

247 3889 299 3942 465
316 3891 412 3942 claram
432 3888 473 3938 M:
491 3889 592 3939 correxi
609 3888 668 3939 coll.
684 3897 745 3953 yart.
758 3891 813 3938 201.
828 3890 886 3937 207.
899 3888 951 3937 335
1019 3881 1071 3935 466
1083 3883 1207 3934 indomito

163 3958 215 4012 468
233 3977 329 4012 moram
348 3961 375 4010 in
392 3976 445 4008 rar.
465 3957 499 4008 d!
573 3955 625 4008 480
641 3974 733 4022 capere
750 3956 792 4016 la·
810 3957 845 4023 cs.
863 3973 884 4007 e.
900 3973 925 4021 9.
944 3953 1033 4006 Basa
1052 3952 1147 4004 conscl.
1167 3951 1209 4004 Pl·

162 4048 182 4081 c.
204 4034 224 4090 7,
236 4034 269 4081 24
355 4025 407 4079 483
424 4029 580 4094 uegiturque
597 4027 633 4076 ric
651 4025 685 4076 Μ
760 4024 812 4078 485
830 4030 881 4091 xpo
898 4024 945 4075 11:
963 4023 1065 4075 correxi
1083 4022 1209 4088 (sonim

162 4100 194 4151 de
212 4098 307 4150 Christi
325 4098 457 4161 manibus)
545 4093 596 4146 489
615 4096 732 4146 Muneris
750 4094 793 4145 dl:
811 4113 877 4146 corr.
898 4089 1095 4159 Sebunflciuh

248 4286 300 4341 469
319 4289 353 4354 cs.
379 4287 493 4353 Theoph.
506 4289 563 4338 188.
633 4282 685 4337 4Ίο
696 4285 890 4350 supremam.
959 4279 1012 4334 472
1029 4283 1064 4348 cs.
1084 4280 1155 4333 aare.
1170 4280 1189 4331 1
1197 4287 1209 4331 l

162 4356 395 4426 fflfffflffi
