<?xml version="1.0" encoding="UTF-8"?>
<!DOCTYPE html PUBLIC "-//W3C//DTD XHTML 1.0 Transitional//EN"
    "http://www.w3.org/TR/xhtml1/DTD/xhtml1-transitional.dtd">
<html xmlns="http://www.w3.org/1999/xhtml" xml:lang="en" lang="en">
 <head>
  <title>
</title>
<meta http-equiv="Content-Type" content="text/html;charset=utf-8" />
  <meta name='ocr-system' content='tesseract 3.04.00' />
  <meta name='ocr-capabilities' content='ocr_page ocr_carea ocr_par ocr_line ocrx_word'/>
</head>
<body>
  <div class='ocr_page' id='page_1' title='image "./hrotsvithaeoper02hrotgoog_0063.png"; bbox 0 0 2910 5024; ppageno 0'>
   <div class='ocr_carea' id='block_1_1' title="bbox 154 311 925 371">
    <p class='ocr_par' dir='ltr' id='par_1_1' title="bbox 154 311 925 371">
     <span class='ocr_line' id='line_1_1' title="bbox 154 311 925 371; baseline -0.006 0"><span class='ocrx_word' id='word_1_1' title='bbox 154 317 189 371; x_wconf 73' lang='lat'><strong>26</strong></span> <span class='ocrx_word' id='word_1_2' title='bbox 516 311 778 368; x_wconf 75' lang='lat' dir='ltr'><strong>HROTsvluflsE</strong></span> <span class='ocrx_word' id='word_1_3' title='bbox 798 312 925 367; x_wconf 75' lang='lat' dir='ltr'><strong>OPERA.</strong></span> 
     </span>
    </p>
   </div>
   <div class='ocr_carea' id='block_1_2' title="bbox 155 484 1320 3700">
    <p class='ocr_par' dir='ltr' id='par_1_2' title="bbox 155 484 1320 2484">
     <span class='ocr_line' id='line_1_2' title="bbox 155 484 1120 571; baseline -0.004 -18"><span class='ocrx_word' id='word_1_4' title='bbox 155 514 194 553; x_wconf 77' lang='lat' dir='ltr'><strong>rec</strong></span> <span class='ocrx_word' id='word_1_5' title='bbox 306 485 366 550; x_wconf 85' lang='lat' dir='ltr'><strong>Oui</strong></span> <span class='ocrx_word' id='word_1_6' title='bbox 389 487 496 551; x_wconf 91' lang='lat' dir='ltr'><strong>senior</strong></span> <span class='ocrx_word' id='word_1_7' title='bbox 518 488 644 552; x_wconf 85' lang='lat' dir='ltr'><strong>vetulus</strong></span> <span class='ocrx_word' id='word_1_8' title='bbox 666 486 749 571; x_wconf 89' lang='lat' dir='ltr'><strong>legis</strong></span> <span class='ocrx_word' id='word_1_9' title='bbox 772 484 994 551; x_wconf 76' lang='lat' dir='ltr'><strong>moderamine</strong></span> <span class='ocrx_word' id='word_1_10' title='bbox 1016 485 1120 550; x_wconf 89' lang='lat' dir='ltr'><strong>iustus</strong></span> 
     </span>
     <span class='ocr_line' id='line_1_3' title="bbox 265 572 1096 658; baseline -0.002 -20"><span class='ocrx_word' id='word_1_11' title='bbox 265 574 357 638; x_wconf 90' lang='lat' dir='ltr'><strong>Haut</strong></span> <span class='ocrx_word' id='word_1_12' title='bbox 378 572 497 638; x_wconf 91' lang='lat' dir='ltr'><strong>blande</strong></span> <span class='ocrx_word' id='word_1_13' title='bbox 521 573 614 638; x_wconf 91' lang='lat' dir='ltr'><strong>dictis</strong></span> <span class='ocrx_word' id='word_1_14' title='bbox 636 574 757 658; x_wconf 88' lang='lat' dir='ltr'><strong>loseph</strong></span> <span class='ocrx_word' id='word_1_15' title='bbox 779 594 857 637; x_wconf 89' lang='lat' dir='ltr'><strong>mox</strong></span> <span class='ocrx_word' id='word_1_16' title='bbox 880 573 991 638; x_wconf 83' lang='lat' dir='ltr'><strong>obviat</strong></span> <span class='ocrx_word' id='word_1_17' title='bbox 1011 573 1096 636; x_wconf 89' lang='lat' dir='ltr'><strong>istis:</strong></span> 
     </span>
     <span class='ocr_line' id='line_1_4' title="bbox 263 659 1050 741; baseline -0.001 -16"><span class='ocrx_word' id='word_1_18' title='bbox 263 660 347 725; x_wconf 86' lang='lat' dir='ltr'><strong>‘Hoc</strong></span> <span class='ocrx_word' id='word_1_19' title='bbox 368 661 467 725; x_wconf 90' lang='lat' dir='ltr'><strong>miror</strong></span> <span class='ocrx_word' id='word_1_20' title='bbox 488 667 587 741; x_wconf 89' lang='lat' dir='ltr'><strong>certe,</strong></span> <span class='ocrx_word' id='word_1_21' title='bbox 609 661 743 724; x_wconf 91' lang='lat' dir='ltr'><strong>nimium</strong></span> <span class='ocrx_word' id='word_1_22' title='bbox 765 667 799 724; x_wconf 90' lang='lat' dir='ltr'><strong>te</strong></span> <span class='ocrx_word' id='word_1_23' title='bbox 823 659 931 724; x_wconf 88' lang='lat' dir='ltr'><strong>dicere</strong></span> <span class='ocrx_word' id='word_1_24' title='bbox 953 659 1050 740; x_wconf 81' lang='lat' dir='ltr'><strong>velle,</strong></span> 
     </span>
     <span class='ocr_line' id='line_1_5' title="bbox 264 744 1123 832; baseline -0.002 -20"><span class='ocrx_word' id='word_1_25' title='bbox 264 747 346 813; x_wconf 77' lang='lat' dir='ltr'><strong>(lum</strong></span> <span class='ocrx_word' id='word_1_26' title='bbox 368 747 480 812; x_wconf 79' lang='lat' dir='ltr'><strong>videas</strong></span> <span class='ocrx_word' id='word_1_27' title='bbox 503 767 609 811; x_wconf 90' lang='lat' dir='ltr'><strong>ramos</strong></span> <span class='ocrx_word' id='word_1_28' title='bbox 631 767 750 832; x_wconf 85' lang='lat' dir='ltr'><strong>magno</strong></span> <span class='ocrx_word' id='word_1_29' title='bbox 774 746 815 810; x_wconf 94' lang='lat' dir='ltr'><strong>de</strong></span> <span class='ocrx_word' id='word_1_30' title='bbox 838 747 985 832; x_wconf 90' lang='lat' dir='ltr'><strong>germine</strong></span> <span class='ocrx_word' id='word_1_31' title='bbox 1008 744 1123 810; x_wconf 89' lang='lat' dir='ltr'><strong>ductos</strong></span> 
     </span>
     <span class='ocr_line' id='line_1_6' title="bbox 263 830 1086 920; baseline -0.004 -22"><span class='ocrx_word' id='word_1_32' title='bbox 263 833 368 899; x_wconf 82' lang='lat' dir='ltr'><strong>Astris</strong></span> <span class='ocrx_word' id='word_1_33' title='bbox 391 835 559 919; x_wconf 89' lang='lat' dir='ltr'><strong>contiguos</strong></span> <span class='ocrx_word' id='word_1_34' title='bbox 581 833 707 898; x_wconf 85' lang='lat' dir='ltr'><strong>caelum</strong></span> <span class='ocrx_word' id='word_1_35' title='bbox 730 834 859 920; x_wconf 86' lang='lat' dir='ltr'><strong>pulsare</strong></span> <span class='ocrx_word' id='word_1_36' title='bbox 882 830 1086 919; x_wconf 77' lang='lat' dir='ltr'><strong>profundum.</strong></span> 
     </span>
     <span class='ocr_line' id='line_1_7' title="bbox 261 918 1125 1007; baseline -0.001 -22"><span class='ocrx_word' id='word_1_37' title='bbox 261 923 323 985; x_wconf 85' lang='lat' dir='ltr'><strong>Ast</strong></span> <span class='ocrx_word' id='word_1_38' title='bbox 346 941 408 1006; x_wconf 91' lang='lat' dir='ltr'><strong>ego</strong></span> <span class='ocrx_word' id='word_1_39' title='bbox 431 922 619 1007; x_wconf 89' lang='lat' dir='ltr'><strong>praecogito</strong></span> <span class='ocrx_word' id='word_1_40' title='bbox 643 940 768 984; x_wconf 89' lang='lat' dir='ltr'><strong>summa</strong></span> <span class='ocrx_word' id='word_1_41' title='bbox 790 918 1014 984; x_wconf 73' lang='lat' dir='ltr'><strong>tantummodo</strong></span> <span class='ocrx_word' id='word_1_42' title='bbox 1037 940 1125 1002; x_wconf 87' lang='lat' dir='ltr'><strong>cura,</strong></span> 
     </span>
     <span class='ocr_line' id='line_1_8' title="bbox 265 1005 1156 1093; baseline 0 -21"><span class='ocrx_word' id='word_1_43' title='bbox 265 1007 300 1072; x_wconf 84' lang='lat' dir='ltr'><strong>Si</strong></span> <span class='ocrx_word' id='word_1_44' title='bbox 321 1009 427 1072; x_wconf 88' lang='lat' dir='ltr'><strong>saltim</strong></span> <span class='ocrx_word' id='word_1_45' title='bbox 449 1010 578 1073; x_wconf 81' lang='lat' dir='ltr'><strong>valeam</strong></span> <span class='ocrx_word' id='word_1_46' title='bbox 601 1027 714 1093; x_wconf 88' lang='lat' dir='ltr'><strong>puram</strong></span> <span class='ocrx_word' id='word_1_47' title='bbox 737 1005 960 1092; x_wconf 76' lang='lat' dir='ltr'><strong>conprendere</strong></span> <span class='ocrx_word' id='word_1_48' title='bbox 981 1006 1156 1093; x_wconf 79' lang='lat' dir='ltr'><strong>lympham,</strong></span> 
     </span>
     <span class='ocr_line' id='line_1_9' title="bbox 264 1093 1137 1180; baseline 0 -22"><span class='ocrx_word' id='word_1_49' title='bbox 264 1093 399 1159; x_wconf 89' lang='lat' dir='ltr'><strong>Utribus</strong></span> <span class='ocrx_word' id='word_1_50' title='bbox 420 1096 453 1159; x_wconf 94' lang='lat' dir='ltr'><strong>in</strong></span> <span class='ocrx_word' id='word_1_51' title='bbox 475 1095 593 1159; x_wconf 90' lang='lat' dir='ltr'><strong>nostris</strong></span> <span class='ocrx_word' id='word_1_52' title='bbox 615 1096 691 1180; x_wconf 87' lang='lat' dir='ltr'><strong>qnia</strong></span> <span class='ocrx_word' id='word_1_53' title='bbox 712 1114 773 1158; x_wconf 92' lang='lat' dir='ltr'><strong>nec</strong></span> <span class='ocrx_word' id='word_1_54' title='bbox 797 1102 846 1157; x_wconf 88' lang='lat' dir='ltr'><strong>est</strong></span> <span class='ocrx_word' id='word_1_55' title='bbox 869 1093 996 1180; x_wconf 84' lang='lat' dir='ltr'><strong>guttula</strong></span> <span class='ocrx_word' id='word_1_56' title='bbox 1017 1094 1137 1158; x_wconf 68' lang='lat' dir='ltr'><strong>fontis.³</strong></span> 
     </span>
     <span class='ocr_line' id='line_1_10' title="bbox 264 1178 1114 1267; baseline -0.001 -22"><span class='ocrx_word' id='word_1_57' title='bbox 264 1181 357 1246; x_wconf 90' lang='lat' dir='ltr'><strong>Haec</strong></span> <span class='ocrx_word' id='word_1_58' title='bbox 379 1181 475 1246; x_wconf 91' lang='lat' dir='ltr'><strong>heros</strong></span> <span class='ocrx_word' id='word_1_59' title='bbox 497 1182 595 1267; x_wconf 89' lang='lat' dir='ltr'><strong>igitur</strong></span> <span class='ocrx_word' id='word_1_60' title='bbox 616 1178 820 1246; x_wconf 85' lang='lat' dir='ltr'><strong>venerandus</strong></span> <span class='ocrx_word' id='word_1_61' title='bbox 842 1182 888 1245; x_wconf 93' lang='lat' dir='ltr'><strong>sic</strong></span> <span class='ocrx_word' id='word_1_62' title='bbox 909 1179 1114 1267; x_wconf 77' lang='lat' dir='ltr'><strong>loquebatur,</strong></span> 
     </span>
     <span class='ocr_line' id='line_1_11' title="bbox 268 1266 1115 1354; baseline -0.002 -22"><span class='ocrx_word' id='word_1_63' title='bbox 268 1266 337 1332; x_wconf 85' lang='lat' dir='ltr'><strong>Oen</strong></span> <span class='ocrx_word' id='word_1_64' title='bbox 360 1267 561 1354; x_wconf 77' lang='lat' dir='ltr'><strong>desperaret,</strong></span> <span class='ocrx_word' id='word_1_65' title='bbox 585 1266 672 1353; x_wconf 91' lang='lat' dir='ltr'><strong>quod</strong></span> <span class='ocrx_word' id='word_1_66' title='bbox 693 1288 849 1352; x_wconf 90' lang='lat' dir='ltr'><strong>praesens</strong></span> <span class='ocrx_word' id='word_1_67' title='bbox 873 1269 981 1333; x_wconf 91' lang='lat' dir='ltr'><strong>omnia</strong></span> <span class='ocrx_word' id='word_1_68' title='bbox 1003 1275 1115 1352; x_wconf 89' lang='lat' dir='ltr'><strong>posset</strong></span> 
     </span>
     <span class='ocr_line' id='line_1_12' title="bbox 268 1353 1153 1457; baseline -0.002 -38"><span class='ocrx_word' id='word_1_69' title='bbox 268 1353 424 1435; x_wconf 82' lang='lat' dir='ltr'><strong>Christus,</strong></span> <span class='ocrx_word' id='word_1_70' title='bbox 448 1356 612 1440; x_wconf 87' lang='lat' dir='ltr'><strong>corporeis</strong></span> <span class='ocrx_word' id='word_1_71' title='bbox 635 1362 740 1419; x_wconf 89' lang='lat' dir='ltr'><strong>tectus</strong></span> <span class='ocrx_word' id='word_1_72' title='bbox 762 1355 870 1419; x_wconf 88' lang='lat' dir='ltr'><strong>fuerat</strong></span> <span class='ocrx_word' id='word_1_73' title='bbox 892 1356 968 1457; x_wconf 79' lang='lat' dir='ltr'><strong>quia</strong></span> <span class='ocrx_word' id='word_1_74' title='bbox 989 1354 1153 1419; x_wconf 88' lang='lat' dir='ltr'><strong>membris.</strong></span> 
     </span>
     <span class='ocr_line' id='line_1_13' title="bbox 266 1439 1093 1527; baseline -0.001 -21"><span class='ocrx_word' id='word_1_75' title='bbox 266 1444 312 1506; x_wconf 84' lang='lat' dir='ltr'><strong>At</strong></span> <span class='ocrx_word' id='word_1_76' title='bbox 334 1462 425 1527; x_wconf 91' lang='lat' dir='ltr'><strong>puer,</strong></span> <span class='ocrx_word' id='word_1_77' title='bbox 447 1443 480 1506; x_wconf 94' lang='lat' dir='ltr'><strong>in</strong></span> <span class='ocrx_word' id='word_1_78' title='bbox 503 1443 628 1527; x_wconf 90' lang='lat' dir='ltr'><strong>gremio</strong></span> <span class='ocrx_word' id='word_1_79' title='bbox 652 1462 746 1506; x_wconf 88' lang='lat' dir='ltr'><strong>carae</strong></span> <span class='ocrx_word' id='word_1_80' title='bbox 769 1443 932 1526; x_wconf 82' lang='lat' dir='ltr'><strong>genitricrs</strong></span> <span class='ocrx_word' id='word_1_81' title='bbox 954 1439 1093 1506; x_wconf 87' lang='lat' dir='ltr'><strong>amando</strong></span> 
     </span>
     <span class='ocr_line' id='line_1_14' title="bbox 265 1527 1191 1613; baseline -0.001 -21"><span class='ocrx_word' id='word_1_82' title='bbox 265 1529 480 1611; x_wconf 84' lang='lat' dir='ltr'><strong>Accumbens,</strong></span> <span class='ocrx_word' id='word_1_83' title='bbox 503 1528 646 1613; x_wconf 89' lang='lat' dir='ltr'><strong>palmam</strong></span> <span class='ocrx_word' id='word_1_84' title='bbox 669 1527 816 1613; x_wconf 88' lang='lat' dir='ltr'><strong>gaudens</strong></span> <span class='ocrx_word' id='word_1_85' title='bbox 838 1550 873 1593; x_wconf 94' lang='lat' dir='ltr'><strong>se</strong></span> <span class='ocrx_word' id='word_1_86' title='bbox 896 1529 993 1593; x_wconf 81' lang='lat' dir='ltr'><strong>vertit</strong></span> <span class='ocrx_word' id='word_1_87' title='bbox 1016 1527 1058 1591; x_wconf 86' lang='lat' dir='ltr'><strong>ad</strong></span> <span class='ocrx_word' id='word_1_88' title='bbox 1080 1529 1191 1613; x_wconf 81' lang='lat' dir='ltr'><strong>ipsam,</strong></span> 
     </span>
     <span class='ocr_line' id='line_1_15' title="bbox 265 1614 1118 1702; baseline -0.001 -23"><span class='ocrx_word' id='word_1_89' title='bbox 265 1614 409 1680; x_wconf 77' lang='lat' dir='ltr'><strong>Functus</strong></span> <span class='ocrx_word' id='word_1_90' title='bbox 432 1622 466 1680; x_wconf 89' lang='lat' dir='ltr'><strong>et</strong></span> <span class='ocrx_word' id='word_1_91' title='bbox 487 1616 531 1680; x_wconf 93' lang='lat' dir='ltr'><strong>im</strong></span> <span class='ocrx_word' id='word_1_92' title='bbox 557 1617 624 1680; x_wconf 90' lang='lat' dir='ltr'><strong>erio</strong></span> <span class='ocrx_word' id='word_1_93' title='bbox 648 1616 815 1701; x_wconf 88' lang='lat' dir='ltr'><strong>praeclare</strong></span> <span class='ocrx_word' id='word_1_94' title='bbox 839 1617 959 1702; x_wconf 88' lang='lat' dir='ltr'><strong>qnippe</strong></span> <span class='ocrx_word' id='word_1_95' title='bbox 981 1621 1118 1701; x_wconf 87' lang='lat' dir='ltr'><strong>paterno</strong></span> 
     </span>
     <span class='ocr_line' id='line_1_16' title="bbox 264 1638 938 1767; baseline 0.001 -1"><span class='ocrx_word' id='word_1_96' title='bbox 264 1701 281 1766; x_wconf 95' lang='lat' dir='ltr'>I</span> <span class='ocrx_word' id='word_1_97' title='bbox 306 1703 333 1766; x_wconf 95' lang='lat' dir='ltr'><strong>si</strong></span> <span class='ocrx_word' id='word_1_98' title='bbox 355 1704 505 1767; x_wconf 88' lang='lat' dir='ltr'><strong>continuo</strong></span> <span class='ocrx_word' id='word_1_99' title='bbox 529 1638 658 1767; x_wconf 76' lang='lat' dir='ltr'><strong>dicebat</strong></span> <span class='ocrx_word' id='word_1_100' title='bbox 680 1702 785 1767; x_wconf 85' lang='lat' dir='ltr'><strong>fronte</strong></span> <span class='ocrx_word' id='word_1_101' title='bbox 809 1723 938 1767; x_wconf 85' lang='lat' dir='ltr'><strong>serena:</strong></span> 
     </span>
     <span class='ocr_line' id='line_1_17' title="bbox 266 1788 1104 1870; baseline -0.002 -16"><span class='ocrx_word' id='word_1_102' title='bbox 266 1790 274 1813; x_wconf 87' lang='lat'>‘</span> <span class='ocrx_word' id='word_1_103' title='bbox 325 1790 394 1870; x_wconf 92' lang='lat' dir='ltr'><strong>bor,</strong></span> <span class='ocrx_word' id='word_1_104' title='bbox 417 1791 512 1854; x_wconf 87' lang='lat' dir='ltr'><strong>flecte</strong></span> <span class='ocrx_word' id='word_1_105' title='bbox 535 1797 608 1854; x_wconf 89' lang='lat' dir='ltr'><strong>tuos</strong></span> <span class='ocrx_word' id='word_1_106' title='bbox 631 1809 755 1854; x_wconf 91' lang='lat' dir='ltr'><strong>summo</strong></span> <span class='ocrx_word' id='word_1_107' title='bbox 778 1788 819 1854; x_wconf 92' lang='lat' dir='ltr'><strong>de</strong></span> <span class='ocrx_word' id='word_1_108' title='bbox 842 1790 964 1854; x_wconf 86' lang='lat' dir='ltr'><strong>vertice</strong></span> <span class='ocrx_word' id='word_1_109' title='bbox 985 1807 1104 1868; x_wconf 86' lang='lat' dir='ltr'><strong>ramos,</strong></span> 
     </span>
     <span class='ocr_line' id='line_1_18' title="bbox 267 1873 1138 1963; baseline -0.002 -22"><span class='ocrx_word' id='word_1_110' title='bbox 267 1876 322 1958; x_wconf 92' lang='lat' dir='ltr'><strong>Ut,</strong></span> <span class='ocrx_word' id='word_1_111' title='bbox 346 1883 501 1963; x_wconf 86' lang='lat' dir='ltr'><strong>quantum</strong></span> <span class='ocrx_word' id='word_1_112' title='bbox 525 1877 637 1957; x_wconf 90' lang='lat' dir='ltr'><strong>libeat,</strong></span> <span class='ocrx_word' id='word_1_113' title='bbox 660 1875 701 1940; x_wconf 93' lang='lat' dir='ltr'><strong>de</strong></span> <span class='ocrx_word' id='word_1_114' title='bbox 725 1883 757 1940; x_wconf 88' lang='lat' dir='ltr'><strong>te</strong></span> <span class='ocrx_word' id='word_1_115' title='bbox 781 1883 885 1940; x_wconf 88' lang='lat' dir='ltr'><strong>mater</strong></span> <span class='ocrx_word' id='word_1_116' title='bbox 906 1896 982 1940; x_wconf 84' lang='lat' dir='ltr'><strong>mea</strong></span> <span class='ocrx_word' id='word_1_117' title='bbox 1004 1873 1138 1961; x_wconf 65' lang='lat' dir='ltr'><strong>carpat?</strong></span> 
     </span>
     <span class='ocr_line' id='line_1_19' title="bbox 267 1962 1054 2048; baseline 0 -21"><span class='ocrx_word' id='word_1_118' title='bbox 267 1963 416 2044; x_wconf 76' lang='lat' dir='ltr'><strong>Dixerat,</strong></span> <span class='ocrx_word' id='word_1_119' title='bbox 438 1970 537 2048; x_wconf 89' lang='lat' dir='ltr'><strong>atque</strong></span> <span class='ocrx_word' id='word_1_120' title='bbox 560 1964 625 2027; x_wconf 88' lang='lat' dir='ltr'><strong>suis</strong></span> <span class='ocrx_word' id='word_1_121' title='bbox 647 1964 744 2027; x_wconf 91' lang='lat' dir='ltr'><strong>arbor</strong></span> <span class='ocrx_word' id='word_1_122' title='bbox 766 1962 940 2027; x_wconf 83' lang='lat' dir='ltr'><strong>fortissima</strong></span> <span class='ocrx_word' id='word_1_123' title='bbox 960 1963 1054 2027; x_wconf 83' lang='lat' dir='ltr'><strong>iussis</strong></span> 
     </span>
     <span class='ocr_line' id='line_1_20' title="bbox 266 2049 1320 2136; baseline 0.004 -22"><span class='ocrx_word' id='word_1_124' title='bbox 266 2051 354 2114; x_wconf 79' lang='lat' dir='ltr'><strong>Ante</strong></span> <span class='ocrx_word' id='word_1_125' title='bbox 377 2049 479 2136; x_wconf 94' lang='lat' dir='ltr'><strong>pedes</strong></span> <span class='ocrx_word' id='word_1_126' title='bbox 501 2049 624 2115; x_wconf 83' lang='lat' dir='ltr'><strong>Mariae</strong></span> <span class='ocrx_word' id='word_1_127' title='bbox 647 2070 764 2135; x_wconf 87' lang='lat' dir='ltr'><strong>parens</strong></span> <span class='ocrx_word' id='word_1_128' title='bbox 786 2051 958 2115; x_wconf 89' lang='lat' dir='ltr'><strong>inflectitur</strong></span> <span class='ocrx_word' id='word_1_129' title='bbox 979 2050 1095 2114; x_wconf 84' lang='lat' dir='ltr'><strong>almas.</strong></span> <span class='ocrx_word' id='word_1_130' title='bbox 1311 2066 1320 2118; x_wconf 78' lang='lat' dir='ltr'><strong>l</strong></span> 
     </span>
     <span class='ocr_line' id='line_1_21' title="bbox 266 2136 1079 2222; baseline 0 -21"><span class='ocrx_word' id='word_1_131' title='bbox 266 2136 386 2202; x_wconf 80' lang='lat' dir='ltr'><strong>Fructu</strong></span> <span class='ocrx_word' id='word_1_132' title='bbox 410 2157 547 2222; x_wconf 90' lang='lat' dir='ltr'><strong>cumque</strong></span> <span class='ocrx_word' id='word_1_133' title='bbox 570 2157 628 2200; x_wconf 94' lang='lat' dir='ltr'><strong>suo</strong></span> <span class='ocrx_word' id='word_1_134' title='bbox 651 2138 780 2222; x_wconf 91' lang='lat' dir='ltr'><strong>penitus</strong></span> <span class='ocrx_word' id='word_1_135' title='bbox 802 2136 908 2201; x_wconf 81' lang='lat' dir='ltr'><strong>inerat</strong></span> <span class='ocrx_word' id='word_1_136' title='bbox 930 2137 1079 2222; x_wconf 87' lang='lat' dir='ltr'><strong>spoliata,</strong></span> 
     </span>
     <span class='ocr_line' id='line_1_22' title="bbox 267 2223 1027 2309; baseline 0 -22"><span class='ocrx_word' id='word_1_137' title='bbox 267 2223 439 2289; x_wconf 85' lang='lat' dir='ltr'><strong>Incurvata</strong></span> <span class='ocrx_word' id='word_1_138' title='bbox 462 2225 552 2289; x_wconf 91' lang='lat' dir='ltr'><strong>stetit</strong></span> <span class='ocrx_word' id='word_1_139' title='bbox 573 2244 635 2288; x_wconf 88' lang='lat' dir='ltr'><strong>nec</strong></span> <span class='ocrx_word' id='word_1_140' title='bbox 656 2243 791 2308; x_wconf 77' lang='lat' dir='ltr'><strong>surgens</strong></span> <span class='ocrx_word' id='word_1_141' title='bbox 813 2224 881 2288; x_wconf 89' lang='lat' dir='ltr'><strong>alta</strong></span> <span class='ocrx_word' id='word_1_142' title='bbox 903 2224 1027 2309; x_wconf 84' lang='lat' dir='ltr'><strong>petivit,</strong></span> 
     </span>
     <span class='ocr_line' id='line_1_23' title="bbox 269 2310 1111 2397; baseline 0.001 -21"><span class='ocrx_word' id='word_1_143' title='bbox 269 2310 407 2397; x_wconf 92' lang='lat' dir='ltr'><strong>Opperit</strong></span> <span class='ocrx_word' id='word_1_144' title='bbox 428 2311 597 2396; x_wconf 90' lang='lat' dir='ltr'><strong>imperium</strong></span> <span class='ocrx_word' id='word_1_145' title='bbox 622 2310 741 2376; x_wconf 83' lang='lat' dir='ltr'><strong>Christi</strong></span> <span class='ocrx_word' id='word_1_146' title='bbox 763 2310 821 2375; x_wconf 91' lang='lat' dir='ltr'><strong>sed</strong></span> <span class='ocrx_word' id='word_1_147' title='bbox 843 2313 904 2375; x_wconf 91' lang='lat' dir='ltr'><strong>rite</strong></span> <span class='ocrx_word' id='word_1_148' title='bbox 928 2310 1111 2395; x_wconf 90' lang='lat' dir='ltr'><strong>probatum.</strong></span> 
     </span>
     <span class='ocr_line' id='line_1_24' title="bbox 268 2397 1118 2484; baseline -0.001 -22"><span class='ocrx_word' id='word_1_149' title='bbox 268 2398 285 2462; x_wconf 94' lang='lat' dir='ltr'>I</span> <span class='ocrx_word' id='word_1_150' title='bbox 308 2418 408 2484; x_wconf 89' lang='lat' dir='ltr'><strong>seque</strong></span> <span class='ocrx_word' id='word_1_151' title='bbox 431 2397 491 2462; x_wconf 79' lang='lat' dir='ltr'><strong>“le</strong></span> <span class='ocrx_word' id='word_1_152' title='bbox 514 2397 633 2462; x_wconf 87' lang='lat' dir='ltr'><strong>subito’</strong></span> <span class='ocrx_word' id='word_1_153' title='bbox 655 2397 737 2461; x_wconf 86' lang='lat' dir='ltr'><strong>dixit</strong></span> <span class='ocrx_word' id='word_1_154' title='bbox 758 2397 852 2463; x_wconf 91' lang='lat' dir='ltr'><strong>‘nunc</strong></span> <span class='ocrx_word' id='word_1_155' title='bbox 875 2399 975 2482; x_wconf 92' lang='lat' dir='ltr'><strong>erige,</strong></span> <span class='ocrx_word' id='word_1_156' title='bbox 997 2398 1118 2484; x_wconf 85' lang='lat' dir='ltr'><strong>palma,</strong></span> 
     </span>
    </p>

    <p class='ocr_par' dir='ltr' id='par_1_3' title="bbox 267 2485 1101 2830">
     <span class='ocr_line' id='line_1_25' title="bbox 299 2485 1087 2571; baseline 0 -23"><span class='ocrx_word' id='word_1_157' title='bbox 299 2492 312 2548; x_wconf 99' lang='lat' dir='ltr'><strong>t</strong></span> <span class='ocrx_word' id='word_1_158' title='bbox 335 2485 378 2549; x_wconf 93' lang='lat' dir='ltr'><strong>sis</strong></span> <span class='ocrx_word' id='word_1_159' title='bbox 399 2486 559 2571; x_wconf 91' lang='lat' dir='ltr'><strong>lignorum</strong></span> <span class='ocrx_word' id='word_1_160' title='bbox 582 2485 759 2570; x_wconf 89' lang='lat' dir='ltr'><strong>posthaec</strong></span> <span class='ocrx_word' id='word_1_161' title='bbox 782 2486 909 2569; x_wconf 87' lang='lat' dir='ltr'><strong>collega</strong></span> <span class='ocrx_word' id='word_1_162' title='bbox 931 2503 1087 2566; x_wconf 88' lang='lat' dir='ltr'><strong>meomm,</strong></span> 
     </span>
     <span class='ocr_line' id='line_1_26' title="bbox 269 2570 1101 2657; baseline 0.001 -22"><span class='ocrx_word' id='word_1_163' title='bbox 269 2570 361 2644; x_wconf 88' lang='lat' dir='ltr'><strong>Quae</strong></span> <span class='ocrx_word' id='word_1_164' title='bbox 408 2572 603 2657; x_wconf 83' lang='lat' dir='ltr'><strong>aradisyaoia</strong></span> <span class='ocrx_word' id='word_1_165' title='bbox 626 2578 774 2636; x_wconf 88' lang='lat' dir='ltr'><strong>constant</strong></span> <span class='ocrx_word' id='word_1_166' title='bbox 818 2572 942 2636; x_wconf 82' lang='lat' dir='ltr'><strong>lentata</strong></span> <span class='ocrx_word' id='word_1_167' title='bbox 962 2572 1101 2642; x_wconf 88' lang='lat' dir='ltr'><strong>locellis:</strong></span> 
     </span>
     <span class='ocr_line' id='line_1_27' title="bbox 267 2592 978 2745; baseline -0.003 -23"><span class='ocrx_word' id='word_1_168' title='bbox 267 2657 311 2722; x_wconf 79' lang='lat' dir='ltr'><strong>Et</strong></span> <span class='ocrx_word' id='word_1_169' title='bbox 332 2680 369 2723; x_wconf 88' lang='lat' dir='ltr'><strong>ra</strong></span> <span class='ocrx_word' id='word_1_170' title='bbox 393 2659 441 2724; x_wconf 78' lang='lat' dir='ltr'><strong>‘ce</strong></span> <span class='ocrx_word' id='word_1_171' title='bbox 464 2666 521 2722; x_wconf 87' lang='lat' dir='ltr'><strong>tua</strong></span> <span class='ocrx_word' id='word_1_172' title='bbox 543 2658 649 2723; x_wconf 91' lang='lat' dir='ltr'><strong>deduc</strong></span> <span class='ocrx_word' id='word_1_173' title='bbox 672 2592 828 2745; x_wconf 55' lang='lat' dir='ltr'><strong>extimplo</strong></span> <span class='ocrx_word' id='word_1_174' title='bbox 852 2663 978 2723; x_wconf 91' lang='lat' dir='ltr'><strong>secreto</strong></span> 
     </span>
     <span class='ocr_line' id='line_1_28' title="bbox 267 2742 1015 2830; baseline 0.001 -23"><span class='ocrx_word' id='word_1_175' title='bbox 267 2743 380 2809; x_wconf 88' lang='lat' dir='ltr'><strong>Undas</strong></span> <span class='ocrx_word' id='word_1_176' title='bbox 403 2746 548 2810; x_wconf 81' lang='lat' dir='ltr'><strong>fonticuli</strong></span> <span class='ocrx_word' id='word_1_177' title='bbox 570 2747 733 2810; x_wconf 86' lang='lat' dir='ltr'><strong>fluitantes</strong></span> <span class='ocrx_word' id='word_1_178' title='bbox 756 2746 884 2830; x_wconf 78' lang='lat' dir='ltr'><strong>gurgite</strong></span> <span class='ocrx_word' id='word_1_179' title='bbox 907 2742 1015 2809; x_wconf 83' lang='lat' dir='ltr'><strong>dulci’</strong></span> 
     </span>
    </p>

    <p class='ocr_par' dir='ltr' id='par_1_4' title="bbox 268 2830 1138 3092">
     <span class='ocr_line' id='line_1_29' title="bbox 270 2830 1125 2918; baseline 0.002 -22"><span class='ocrx_word' id='word_1_180' title='bbox 270 2830 362 2904; x_wconf 88' lang='lat' dir='ltr'><strong>Quae</strong></span> <span class='ocrx_word' id='word_1_181' title='bbox 385 2834 479 2897; x_wconf 89' lang='lat' dir='ltr'><strong>citius</strong></span> <span class='ocrx_word' id='word_1_182' title='bbox 501 2831 587 2896; x_wconf 89' lang='lat' dir='ltr'><strong>dicto</strong></span> <span class='ocrx_word' id='word_1_183' title='bbox 611 2833 814 2918; x_wconf 81' lang='lat' dir='ltr'><strong>complentur</strong></span> <span class='ocrx_word' id='word_1_184' title='bbox 835 2831 976 2917; x_wconf 87' lang='lat' dir='ltr'><strong>denique</strong></span> <span class='ocrx_word' id='word_1_185' title='bbox 999 2837 1125 2898; x_wconf 90' lang='lat' dir='ltr'><strong>cuncta.</strong></span> 
     </span>
     <span class='ocr_line' id='line_1_30' title="bbox 268 2918 1138 3005; baseline -0.001 -22"><span class='ocrx_word' id='word_1_186' title='bbox 268 2921 314 2983; x_wconf 84' lang='lat' dir='ltr'><strong>At</strong></span> <span class='ocrx_word' id='word_1_187' title='bbox 335 2921 435 3005; x_wconf 91' lang='lat' dir='ltr'><strong>prolis</strong></span> <span class='ocrx_word' id='word_1_188' title='bbox 458 2920 604 3001; x_wconf 91' lang='lat' dir='ltr'><strong>comites,</strong></span> <span class='ocrx_word' id='word_1_189' title='bbox 626 2921 750 2983; x_wconf 88' lang='lat' dir='ltr'><strong>fontem</strong></span> <span class='ocrx_word' id='word_1_190' title='bbox 773 2918 938 2983; x_wconf 90' lang='lat' dir='ltr'><strong>lustrando</strong></span> <span class='ocrx_word' id='word_1_191' title='bbox 961 2925 1138 2999; x_wconf 82' lang='lat' dir='ltr'><strong>recentem,</strong></span> 
     </span>
     <span class='ocr_line' id='line_1_31' title="bbox 269 3003 1033 3092; baseline 0 -23"><span class='ocrx_word' id='word_1_192' title='bbox 269 3005 466 3071; x_wconf 87' lang='lat' dir='ltr'><strong>Reddebant</strong></span> <span class='ocrx_word' id='word_1_193' title='bbox 488 3012 598 3092; x_wconf 88' lang='lat' dir='ltr'><strong>grates</strong></span> <span class='ocrx_word' id='word_1_194' title='bbox 620 3007 743 3070; x_wconf 81' lang='lat' dir='ltr'><strong>laetato</strong></span> <span class='ocrx_word' id='word_1_195' title='bbox 765 3012 899 3090; x_wconf 89' lang='lat' dir='ltr'><strong>pectore</strong></span> <span class='ocrx_word' id='word_1_196' title='bbox 922 3003 1033 3070; x_wconf 87' lang='lat' dir='ltr'><strong>dulces</strong></span> 
     </span>
    </p>

    <p class='ocr_par' dir='ltr' id='par_1_5' title="bbox 267 3092 1169 3700">
     <span class='ocr_line' id='line_1_32' title="bbox 267 3092 1146 3179; baseline -0.001 -23"><span class='ocrx_word' id='word_1_197' title='bbox 267 3094 376 3179; x_wconf 81' lang='lat' dir='ltr'><strong>Atque</strong></span> <span class='ocrx_word' id='word_1_198' title='bbox 399 3094 484 3158; x_wconf 91' lang='lat' dir='ltr'><strong>sitim</strong></span> <span class='ocrx_word' id='word_1_199' title='bbox 507 3094 636 3179; x_wconf 86' lang='lat' dir='ltr'><strong>limphis</strong></span> <span class='ocrx_word' id='word_1_200' title='bbox 659 3093 783 3157; x_wconf 89' lang='lat' dir='ltr'><strong>tristem</strong></span> <span class='ocrx_word' id='word_1_201' title='bbox 807 3093 978 3178; x_wconf 87' lang='lat' dir='ltr'><strong>dempsere</strong></span> <span class='ocrx_word' id='word_1_202' title='bbox 1000 3092 1146 3156; x_wconf 85' lang='lat' dir='ltr'><strong>novellis.</strong></span> 
     </span>
     <span class='ocr_line' id='line_1_33' title="bbox 270 3179 1037 3280; baseline -0.004 -36"><span class='ocrx_word' id='word_1_203' title='bbox 270 3179 415 3266; x_wconf 83' lang='lat' dir='ltr'><strong>Grrmque</strong></span> <span class='ocrx_word' id='word_1_204' title='bbox 439 3181 614 3266; x_wconf 87' lang='lat' dir='ltr'><strong>profecturi</strong></span> <span class='ocrx_word' id='word_1_205' title='bbox 637 3179 758 3244; x_wconf 90' lang='lat' dir='ltr'><strong>deserti</strong></span> <span class='ocrx_word' id='word_1_206' title='bbox 781 3199 840 3280; x_wconf 92' lang='lat' dir='ltr'><strong>per</strong></span> <span class='ocrx_word' id='word_1_207' title='bbox 861 3179 933 3244; x_wconf 90' lang='lat' dir='ltr'><strong>loca</strong></span> <span class='ocrx_word' id='word_1_208' title='bbox 954 3179 1037 3243; x_wconf 81' lang='lat' dir='ltr'><strong>vasti</strong></span> 
     </span>
     <span class='ocr_line' id='line_1_34' title="bbox 268 3266 1103 3352; baseline -0.001 -22"><span class='ocrx_word' id='word_1_209' title='bbox 268 3266 397 3348; x_wconf 80' lang='lat' dir='ltr'><strong>Essent,</strong></span> <span class='ocrx_word' id='word_1_210' title='bbox 420 3266 464 3332; x_wconf 88' lang='lat' dir='ltr'><strong>ad</strong></span> <span class='ocrx_word' id='word_1_211' title='bbox 485 3268 626 3352; x_wconf 88' lang='lat' dir='ltr'><strong>palmam</strong></span> <span class='ocrx_word' id='word_1_212' title='bbox 649 3266 741 3340; x_wconf 85' lang='lat' dir='ltr'><strong>Iesus</strong></span> <span class='ocrx_word' id='word_1_213' title='bbox 764 3288 809 3330; x_wconf 85' lang='lat' dir='ltr'><strong>sro</strong></span> <span class='ocrx_word' id='word_1_214' title='bbox 832 3266 960 3330; x_wconf 83' lang='lat' dir='ltr'><strong>dixerat</strong></span> <span class='ocrx_word' id='word_1_215' title='bbox 981 3266 1103 3351; x_wconf 89' lang='lat' dir='ltr'><strong>ipsam:</strong></span> 
     </span>
     <span class='ocr_line' id='line_1_35' title="bbox 269 3350 1169 3440; baseline -0.002 -23"><span class='ocrx_word' id='word_1_216' title='bbox 269 3352 332 3418; x_wconf 91' lang='lat' dir='ltr'><strong>‘De</strong></span> <span class='ocrx_word' id='word_1_217' title='bbox 356 3360 389 3418; x_wconf 93' lang='lat' dir='ltr'><strong>te</strong></span> <span class='ocrx_word' id='word_1_218' title='bbox 413 3356 533 3440; x_wconf 93' lang='lat' dir='ltr'><strong>quippe</strong></span> <span class='ocrx_word' id='word_1_219' title='bbox 556 3375 630 3419; x_wconf 92' lang='lat' dir='ltr'><strong>meo</strong></span> <span class='ocrx_word' id='word_1_220' title='bbox 653 3373 771 3439; x_wconf 88' lang='lat' dir='ltr'><strong>praece</strong></span> <span class='ocrx_word' id='word_1_221' title='bbox 797 3360 841 3433; x_wconf 93' lang='lat' dir='ltr'><strong>to,</strong></span> <span class='ocrx_word' id='word_1_222' title='bbox 863 3354 1016 3439; x_wconf 85' lang='lat' dir='ltr'><strong>palmula,</strong></span> <span class='ocrx_word' id='word_1_223' title='bbox 1038 3350 1169 3432; x_wconf 88' lang='lat' dir='ltr'><strong>mando,</strong></span> 
     </span>
     <span class='ocr_line' id='line_1_36' title="bbox 268 3439 1065 3525; baseline -0.003 -21"><span class='ocrx_word' id='word_1_224' title='bbox 268 3441 415 3524; x_wconf 84' lang='lat' dir='ltr'><strong>Angelus</strong></span> <span class='ocrx_word' id='word_1_225' title='bbox 437 3448 474 3504; x_wconf 93' lang='lat' dir='ltr'><strong>ut</strong></span> <span class='ocrx_word' id='word_1_226' title='bbox 497 3441 588 3505; x_wconf 88' lang='lat' dir='ltr'><strong>caelo</strong></span> <span class='ocrx_word' id='word_1_227' title='bbox 611 3441 744 3506; x_wconf 79' lang='lat' dir='ltr'><strong>veniens</strong></span> <span class='ocrx_word' id='word_1_228' title='bbox 791 3441 910 3525; x_wconf 88' lang='lat' dir='ltr'><strong>&#39;apsus</strong></span> <span class='ocrx_word' id='word_1_229' title='bbox 932 3440 974 3504; x_wconf 87' lang='lat' dir='ltr'><strong>ab</strong></span> <span class='ocrx_word' id='word_1_230' title='bbox 998 3439 1065 3502; x_wconf 88' lang='lat' dir='ltr'><strong>alto</strong></span> 
     </span>
     <span class='ocr_line' id='line_1_37' title="bbox 268 3525 1043 3591; baseline -0.001 -1"><span class='ocrx_word' id='word_1_231' title='bbox 268 3525 377 3591; x_wconf 73' lang='lat' dir='ltr'><strong>&#39;I’ollat</strong></span> <span class='ocrx_word' id='word_1_232' title='bbox 398 3529 459 3591; x_wconf 87' lang='lat' dir='ltr'><strong>rite</strong></span> <span class='ocrx_word' id='word_1_233' title='bbox 482 3533 537 3591; x_wconf 88' lang='lat' dir='ltr'><strong>tuo</strong></span> <span class='ocrx_word' id='word_1_234' title='bbox 560 3549 684 3591; x_wconf 92' lang='lat' dir='ltr'><strong>ramum</strong></span> <span class='ocrx_word' id='word_1_235' title='bbox 708 3526 749 3590; x_wconf 92' lang='lat' dir='ltr'><strong>de</strong></span> <span class='ocrx_word' id='word_1_236' title='bbox 773 3528 894 3591; x_wconf 85' lang='lat' dir='ltr'><strong>vertice</strong></span> <span class='ocrx_word' id='word_1_237' title='bbox 918 3547 1043 3591; x_wconf 92' lang='lat' dir='ltr'><strong>summo</strong></span> 
     </span>
     <span class='ocr_line' id='line_1_38' title="bbox 268 3611 1165 3700; baseline -0.001 -23"><span class='ocrx_word' id='word_1_238' title='bbox 268 3612 402 3678; x_wconf 87' lang='lat' dir='ltr'><strong>Necnon</strong></span> <span class='ocrx_word' id='word_1_239' title='bbox 424 3614 509 3678; x_wconf 90' lang='lat' dir='ltr'><strong>huuc</strong></span> <span class='ocrx_word' id='word_1_240' title='bbox 531 3616 636 3700; x_wconf 91' lang='lat' dir='ltr'><strong>ipsum</strong></span> <span class='ocrx_word' id='word_1_241' title='bbox 658 3614 783 3699; x_wconf 90' lang='lat' dir='ltr'><strong>plantet</strong></span> <span class='ocrx_word' id='word_1_242' title='bbox 805 3634 881 3677; x_wconf 87' lang='lat' dir='ltr'><strong>mox</strong></span> <span class='ocrx_word' id='word_1_243' title='bbox 904 3615 936 3678; x_wconf 94' lang='lat' dir='ltr'><strong>in</strong></span> <span class='ocrx_word' id='word_1_244' title='bbox 959 3611 1165 3699; x_wconf 85' lang='lat' dir='ltr'><strong>paradysum.</strong></span> 
     </span>
    </p>
   </div>
   <div class='ocr_carea' id='block_1_3' title="bbox 267 3699 1191 3787">
    <p class='ocr_par' dir='ltr' id='par_1_6' title="bbox 267 3699 1191 3787">
     <span class='ocr_line' id='line_1_39' title="bbox 267 3699 1191 3787; baseline -0.001 -23"><span class='ocrx_word' id='word_1_245' title='bbox 267 3699 310 3764; x_wconf 81' lang='lat' dir='ltr'><strong>Et</strong></span> <span class='ocrx_word' id='word_1_246' title='bbox 333 3702 391 3765; x_wconf 90' lang='lat' dir='ltr'><strong>tibi</strong></span> <span class='ocrx_word' id='word_1_247' title='bbox 414 3701 585 3786; x_wconf 88' lang='lat' dir='ltr'><strong>gloriolam</strong></span> <span class='ocrx_word' id='word_1_248' title='bbox 609 3722 707 3787; x_wconf 91' lang='lat' dir='ltr'><strong>super</strong></span> <span class='ocrx_word' id='word_1_249' title='bbox 729 3701 791 3765; x_wconf 91' lang='lat' dir='ltr'><strong>hcc</strong></span> <span class='ocrx_word' id='word_1_250' title='bbox 814 3702 878 3764; x_wconf 90' lang='lat' dir='ltr'><strong>iam</strong></span> <span class='ocrx_word' id='word_1_251' title='bbox 902 3701 1033 3765; x_wconf 79' lang='lat' dir='ltr'><strong>confero</strong></span> <span class='ocrx_word' id='word_1_252' title='bbox 1058 3706 1191 3779; x_wconf 80' lang='lat' dir='ltr'><strong>tantam,</strong></span> 
     </span>
    </p>
   </div>
   <div class='ocr_carea' id='block_1_4' title="bbox 908 3797 1320 3830">
    <p class='ocr_par' dir='ltr' id='par_1_7' title="bbox 908 3797 1320 3830">
     <span class='ocr_line' id='line_1_40' title="bbox 908 3797 1320 3830; baseline -0.005 0"><span class='ocrx_word' id='word_1_253' title='bbox 908 3797 1320 3830; x_wconf 66' lang='lat' dir='ltr'><strong>--.---...-..f</strong></span> 
     </span>
    </p>
   </div>
   <div class='ocr_carea' id='block_1_5' title="bbox 160 3884 1320 4097">
    <p class='ocr_par' dir='ltr' id='par_1_8' title="bbox 160 3884 1320 4097">
     <span class='ocr_line' id='line_1_41' title="bbox 246 3884 1320 3959; baseline -0.002 -17"><span class='ocrx_word' id='word_1_254' title='bbox 246 3889 298 3944; x_wconf 78' lang='grc'><strong>760</strong></span> <span class='ocrx_word' id='word_1_255' title='bbox 314 3894 365 3956; x_wconf 85' lang='lat' dir='ltr'><strong>Qui</strong></span> <span class='ocrx_word' id='word_1_256' title='bbox 384 3891 415 3942; x_wconf 78' lang='lat' dir='ltr'><strong>ll</strong></span> <span class='ocrx_word' id='word_1_257' title='bbox 430 3891 505 3959; x_wconf 72' lang='lat' dir='ltr'><strong>(sort.</strong></span> <span class='ocrx_word' id='word_1_258' title='bbox 517 3908 548 3943; x_wconf 70' lang='lat' dir='ltr'><strong>ex</strong></span> <span class='ocrx_word' id='word_1_259' title='bbox 559 3893 608 3941; x_wconf 86' lang='lat' dir='ltr'><strong>Cui</strong></span> <span class='ocrx_word' id='word_1_260' title='bbox 620 3892 701 3955; x_wconf 78' lang='lat' dir='ltr'><strong>corr.)</strong></span> <span class='ocrx_word' id='word_1_261' title='bbox 771 3889 822 3942; x_wconf 74' lang='lat'><strong>785</strong></span> <span class='ocrx_word' id='word_1_262' title='bbox 840 3899 938 3942; x_wconf 81' lang='lat' dir='ltr'><strong>sacrato</strong></span> <span class='ocrx_word' id='word_1_263' title='bbox 955 3892 991 3942; x_wconf 76' lang='lat' dir='ltr'><strong>sic</strong></span> <span class='ocrx_word' id='word_1_264' title='bbox 1004 3889 1038 3940; x_wconf 78' lang='grc' dir='ltr'><em>Μ</em></span> <span class='ocrx_word' id='word_1_265' title='bbox 1052 3886 1121 3951; x_wconf 76' lang='grc' dir='ltr'><strong>(Ἲιοὶ</strong></span> <span class='ocrx_word' id='word_1_266' title='bbox 1139 3906 1188 3940; x_wconf 74' lang='lat' dir='ltr'><strong>nuc</strong></span> <span class='ocrx_word' id='word_1_267' title='bbox 1206 3884 1320 3959; x_wconf 57' lang='grc' dir='ltr'><strong><em>Μ</em></strong></span> 
     </span>
     <span class='ocr_line' id='line_1_42' title="bbox 167 3956 1320 4028; baseline 0 -18"><span class='ocrx_word' id='word_1_268' title='bbox 167 3960 266 4012; x_wconf 80' lang='lat' dir='ltr'><strong>Wuml</strong></span> <span class='ocrx_word' id='word_1_269' title='bbox 277 3962 380 4028; x_wconf 71' lang='lat' dir='ltr'><strong>herous,</strong></span> <span class='ocrx_word' id='word_1_270' title='bbox 394 3979 442 4012; x_wconf 73' lang='lat' dir='ltr'><strong>aar</strong></span> <span class='ocrx_word' id='word_1_271' title='bbox 453 3962 623 4027; x_wconf 72' lang='lat' dir='ltr'><strong>ocrdorgeraen</strong></span> <span class='ocrx_word' id='word_1_272' title='bbox 642 3956 760 4028; x_wconf 71' lang='lat' dir='ltr'><strong>llcfen’),</strong></span> <span class='ocrx_word' id='word_1_273' title='bbox 772 3959 921 4010; x_wconf 75' lang='lat' dir='ltr'><strong>Ps-Mattls.</strong></span> <span class='ocrx_word' id='word_1_274' title='bbox 932 3964 967 4011; x_wconf 79' lang='lat'><strong>20</strong></span> <span class='ocrx_word' id='word_1_275' title='bbox 978 3961 1048 4027; x_wconf 77' lang='lat' dir='ltr'><strong>upari</strong></span> <span class='ocrx_word' id='word_1_276' title='bbox 1061 3969 1148 4011; x_wconf 81' lang='lat' dir='ltr'><strong>autem</strong></span> <span class='ocrx_word' id='word_1_277' title='bbox 1160 3976 1192 4011; x_wconf 81' lang='lat' dir='ltr'><strong>cx</strong></span> <span class='ocrx_word' id='word_1_278' title='bbox 1204 3959 1320 4012; x_wconf 56' lang='lat' dir='ltr'><strong>naid</strong></span> 
     </span>
     <span class='ocr_line' id='line_1_43' title="bbox 160 4027 1142 4097; baseline -0.001 -18"><span class='ocrx_word' id='word_1_279' title='bbox 160 4031 279 4082; x_wconf 82' lang='lat' dir='ltr'><strong>bustula</strong></span> <span class='ocrx_word' id='word_1_280' title='bbox 294 4048 386 4082; x_wconf 85' lang='lat' dir='ltr'><strong>venam</strong></span> <span class='ocrx_word' id='word_1_281' title='bbox 404 4048 471 4097; x_wconf 83' lang='lat' dir='ltr'><strong>quas</strong></span> <span class='ocrx_word' id='word_1_282' title='bbox 488 4032 615 4082; x_wconf 80' lang='lat' dir='ltr'><strong>absconsa</strong></span> <span class='ocrx_word' id='word_1_283' title='bbox 632 4039 670 4081; x_wconf 87' lang='lat' dir='ltr'><strong>est</strong></span> <span class='ocrx_word' id='word_1_284' title='bbox 688 4032 715 4081; x_wconf 88' lang='lat' dir='ltr'><strong>iu</strong></span> <span class='ocrx_word' id='word_1_285' title='bbox 733 4039 801 4080; x_wconf 79' lang='lat' dir='ltr'><strong>terra</strong></span> <span class='ocrx_word' id='word_1_286' title='bbox 872 4027 923 4080; x_wconf 78' lang='lat'><strong>789</strong></span> <span class='ocrx_word' id='word_1_287' title='bbox 941 4030 1035 4081; x_wconf 76' lang='lat' dir='ltr'><strong>laetato</strong></span> <span class='ocrx_word' id='word_1_288' title='bbox 1054 4031 1090 4080; x_wconf 75' lang='lat' dir='ltr'><strong>cic</strong></span> <span class='ocrx_word' id='word_1_289' title='bbox 1109 4027 1142 4078; x_wconf 83' lang='lat' dir='ltr'><strong>ll!</strong></span> 
     </span>
    </p>
   </div>
   <div class='ocr_carea' id='block_1_6' title="bbox 159 4179 1312 4390">
    <p class='ocr_par' dir='ltr' id='par_1_9' title="bbox 159 4179 1312 4390">
     <span class='ocr_line' id='line_1_44' title="bbox 245 4179 1312 4248; baseline -0.002 -13"><span class='ocrx_word' id='word_1_290' title='bbox 245 4182 296 4236; x_wconf 77' lang='lat'><strong>760</strong></span> <span class='ocrx_word' id='word_1_291' title='bbox 312 4203 346 4236; x_wconf 86' lang='lat' dir='ltr'><strong>c.</strong></span> <span class='ocrx_word' id='word_1_292' title='bbox 366 4184 487 4236; x_wconf 52' lang='lat' dir='ltr'><strong>Maron</strong></span> <span class='ocrx_word' id='word_1_293' title='bbox 574 4179 625 4235; x_wconf 68' lang='lat'><strong>775</strong></span> <span class='ocrx_word' id='word_1_294' title='bbox 644 4183 678 4248; x_wconf 72' lang='lat' dir='ltr'><strong>cs.</strong></span> <span class='ocrx_word' id='word_1_295' title='bbox 698 4181 808 4233; x_wconf 78' lang='lat' dir='ltr'><strong>Fortun.</strong></span> <span class='ocrx_word' id='word_1_296' title='bbox 827 4202 848 4234; x_wconf 87' lang='lat' dir='ltr'><strong>c.</strong></span> <span class='ocrx_word' id='word_1_297' title='bbox 863 4182 976 4245; x_wconf 76' lang='grc'><strong><em>112,26</em></strong></span> <span class='ocrx_word' id='word_1_298' title='bbox 1000 4185 1075 4235; x_wconf 84' lang='lat' dir='ltr'><strong>dante</strong></span> <span class='ocrx_word' id='word_1_299' title='bbox 1092 4197 1192 4245; x_wconf 71' lang='lat' dir='ltr'><strong>ramea,</strong></span> <span class='ocrx_word' id='word_1_300' title='bbox 1217 4180 1312 4233; x_wconf 65' lang='lat' dir='ltr'><strong>uuo!</strong></span> 
     </span>
     <span class='ocr_line' id='line_1_45' title="bbox 159 4245 1303 4319; baseline -0.003 -14"><span class='ocrx_word' id='word_1_301' title='bbox 159 4254 213 4306; x_wconf 76' lang='lat' dir='ltr'><strong>ulta</strong></span> <span class='ocrx_word' id='word_1_302' title='bbox 235 4253 308 4316; x_wconf 67' lang='lat' dir='ltr'><strong>(Pc-</strong></span> <span class='ocrx_word' id='word_1_303' title='bbox 344 4254 406 4306; x_wconf 68' lang='lat' dir='ltr'><strong>culs.</strong></span> <span class='ocrx_word' id='word_1_304' title='bbox 427 4258 462 4305; x_wconf 77' lang='lat'><strong>20</strong></span> <span class='ocrx_word' id='word_1_305' title='bbox 488 4255 597 4315; x_wconf 83' lang='lat' dir='ltr'><strong>flectere,</strong></span> <span class='ocrx_word' id='word_1_306' title='bbox 623 4252 720 4318; x_wconf 84' lang='lat' dir='ltr'><strong>arbor).</strong></span> <span class='ocrx_word' id='word_1_307' title='bbox 820 4250 870 4302; x_wconf 74' lang='lat'><strong>787</strong></span> <span class='ocrx_word' id='word_1_308' title='bbox 897 4256 932 4319; x_wconf 73' lang='lat' dir='ltr'><strong>cs.</strong></span> <span class='ocrx_word' id='word_1_309' title='bbox 960 4269 1055 4317; x_wconf 76' lang='lat' dir='ltr'><strong>appar.</strong></span> <span class='ocrx_word' id='word_1_310' title='bbox 1082 4252 1120 4302; x_wconf 79' lang='lat' dir='ltr'><strong>cd</strong></span> <span class='ocrx_word' id='word_1_311' title='bbox 1147 4250 1217 4302; x_wconf 77' lang='lat' dir='ltr'><strong>chr.</strong></span> <span class='ocrx_word' id='word_1_312' title='bbox 1238 4245 1303 4302; x_wconf 59' lang='grc' dir='ltr'><strong>αἵθ’</strong></span> 
     </span>
     <span class='ocr_line' id='line_1_46' title="bbox 159 4320 777 4390; baseline -0.005 -16"><span class='ocrx_word' id='word_1_313' title='bbox 159 4320 211 4374; x_wconf 72' lang='lat'><strong>&#39;189</strong></span> <span class='ocrx_word' id='word_1_314' title='bbox 229 4325 264 4390; x_wconf 73' lang='lat' dir='ltr'><strong>cs.</strong></span> <span class='ocrx_word' id='word_1_315' title='bbox 283 4322 354 4375; x_wconf 77' lang='lat' dir='ltr'><strong>Mar.</strong></span> <span class='ocrx_word' id='word_1_316' title='bbox 371 4328 426 4375; x_wconf 74' lang='lat'><strong><em>⁴7⁶.</em></strong></span> <span class='ocrx_word' id='word_1_317' title='bbox 514 4320 564 4372; x_wconf 70' lang='lat'><strong>794</strong></span> <span class='ocrx_word' id='word_1_318' title='bbox 582 4323 617 4388; x_wconf 71' lang='lat' dir='ltr'><strong>cs.</strong></span> <span class='ocrx_word' id='word_1_319' title='bbox 636 4320 706 4371; x_wconf 75' lang='lat' dir='ltr'><strong>Mar.</strong></span> <span class='ocrx_word' id='word_1_320' title='bbox 721 4325 777 4372; x_wconf 78' lang='lat'><strong><em>612.</em></strong></span> 
     </span>
    </p>
   </div>
   <div class='ocr_carea' id='block_1_7' title="bbox 0 0 1461 5024">
    <p class='ocr_par' dir='ltr' id='par_1_10' title="bbox 0 0 1461 5024">
     <span class='ocr_line' id='line_1_47' title="bbox 0 0 1461 5024; baseline 0 0"><span class='ocrx_word' id='word_1_321' title='bbox 0 0 1461 5024; x_wconf 95' lang='lat' dir='ltr'><strong> </strong></span> 
     </span>
    </p>
   </div>
  </div>
 </body>
</html>
