2910 5024
494 383 536 438 111
555 382 579 435 1.
596 385 670 450 pcata
689 379 800 433 Ottoata.

189 554 274 634 Quo,
299 557 485 637 praestante
509 572 600 615 sacra
623 551 709 633 regis
731 551 854 634 pietate
878 554 1040 638 perennis,

184 639 254 705 Hie
276 638 374 703 modo
399 639 569 702 sublimem
594 637 740 721 gaudens
764 644 912 721 captaret
933 640 1100 722 honorem,

183 726 263 800 Quo
286 727 375 810 prius
396 725 562 809 ingentem
586 725 692 787 fuerat
713 743 870 808 perpessa
893 725 1048 789 dolorem.

178 811 249 877 His
272 810 467 875 mandatelis
490 811 586 875 cessit
607 810 721 894 regina
743 809 892 894 benignis

176 898 240 976 Et,
266 918 329 983 quo
352 899 439 960 iussa
461 898 531 976 fuit,
554 896 677 980 pariter
700 896 926 960 comitantibus
948 897 1006 961 ivit

180 984 367 1050 Permultis
390 983 608 1047 subiectorum
632 982 742 1045 cuneis
764 985 967 1067 populorum.

176 1071 232 1136 Ut
256 1091 317 1134 rex
339 1070 402 1133 boc
425 1070 535 1147 sensit,
559 1069 646 1133 cuius
669 1067 876 1133 mandamine
900 1071 999 1150 veuit,

177 1157 200 1222 I
227 1158 296 1220 sius
318 1155 496 1219 Henricum
519 1156 651 1218 fratrem
697 1157 842 1240 raecepit
864 1156 1037 1220 amandum

220 1245 296 1307 nius
318 1243 350 1305 iu
375 1262 541 1306 occursum
564 1261 658 1325 regre
685 1242 691 1255 “
717 1247 803 1304 trans
825 1243 920 1306 litora
943 1243 1035 1324 Padi,

176 1330 232 1395 Ut
256 1328 494 1393 sublimandam
517 1328 609 1411 regni
632 1327 858 1413 splendoribus
879 1329 993 1392 beram

180 1417 288 1481 Tanti
311 1416 507 1500 compositus
531 1413 620 1477 ducis
643 1420 773 1478 ornaret
795 1414 979 1479 famulatus.

182 1502 264 1584 Qui,
289 1501 395 1565 studio
417 1501 534 1564 mentis
557 1507 733 1585 praecepta
756 1520 895 1585 sequens
918 1502 1063 1583 senioris,

180 1587 365 1674 Egreditur
388 1594 476 1651 certe
500 1607 572 1650 cum
595 1587 699 1671 regali
720 1587 850 1670 legione

182 1675 369 1759 Castraque
392 1674 526 1758 reginae
549 1672 695 1757 gaudeus
719 1673 814 1758 petiit
835 1673 1053 1755 venerandae,

179 1761 225 1826 In
249 1761 319 1846 quis
343 1781 415 1824 cum
440 1760 534 1823 sociis
556 1758 722 1822 residebat
745 1757 820 1822 deni
844 1779 885 1822 ue
909 1759 1028 1840 multis,

183 1848 284 1912 Illam
307 1846 467 1930 condigne
491 1865 616 1908 summo
640 1845 811 1909 comitatus
823 1780 967 1926 bonore,

184 1934 303 1999 Donec
325 1933 428 2017 regali
451 1936 675 2016 praesentaret
697 1931 802 1996 faciei.

189 2020 282 2094 Quae
306 2019 421 2082 merito
444 2019 515 2102 regi
537 2018 646 2081 statim
668 2017 789 2103 placuit
811 2018 890 2080 satis
912 2017 985 2103 ipsi,

188 2106 241 2171 Eli
265 2106 392 2190 'turque
416 2105 464 2167 sui
487 2124 617 2178 consors
640 2102 828 2188 dignissima
850 2105 952 2188 regni.

261 2212 323 2254 unc
346 2211 406 2254 rex
428 2210 463 2253 se
486 2191 630 2253 novitate
653 2190 701 2253 rei
724 2209 858 2253 cernens
881 2189 1022 2266 retineri,

190 2278 353 2362 Tempore
376 2297 418 2340 ne
441 2277 561 2360 patrias
583 2277 722 2339 instante
746 2275 869 2340 rediret
891 2275 933 2339 ad
955 2296 1039 2356 oras,

189 2363 377 2429 Liudullum
400 2362 520 2449 placuit
543 2382 651 2426 carum
675 2363 885 2446 praemittere
907 2368 1030 2445 natum,

189 2449 235 2514 Ut
256 2471 338 2534 gens
362 2447 527 2513 Saxonum
550 2449 642 2512 fortis
665 2448 818 2511 volitaret
840 2447 882 2511 ad
905 2449 996 2513 illum

188 2537 232 2600 Et
253 2556 390 2621 regnum
412 2536 471 2599 sub
494 2541 631 2621 patrono
654 2539 755 2598 staret
777 2533 862 2599 bene
886 2541 988 2599 tauto.

190 2622 262 2704 Qui,
286 2643 403 2707 parens
425 2621 518 2685 iussis
542 2620 661 2685 devota
683 2626 792 2684 ments
815 2623 970 2706 parentis,

189 2709 242 2774 Ad
264 2710 404 2794 patriam
427 2707 533 2788 rediit,
557 2727 666 2770 curam
689 2707 845 2792 regnique
869 2709 1003 2792 recepit,

188 2795 305 2860 Omnia
327 2793 506 2880 prudenter
527 2814 654 2857 necnon
676 2794 809 2857 nimium
831 2795 996 2878 sapienter

191 2882 376 2966 Compleus‚
399 2882 431 2944 iu
477 2881 561 2943 atria
583 2900 666 2965 quae
689 2885 765 2942 tunc
788 2880 916 2944 fuerant
939 2878 1098 2944 facienda.

188 2967 320 3032 interea
343 2967 410 3031 dux
468 2968 604 3046 enricus,
626 2967 713 3051 regis
735 2965 940 3030 venerandus

187 3053 313 3132 Frater,
335 3055 368 3117 iu
390 3054 487 3117 Italia
510 3052 616 3117 cordis
638 3053 806 3117 conamine
829 3073 954 3116 summo

188 3139 361 3225 Obsequiis
384 3159 518 3226 operam
541 3139 642 3224 gessit
664 3139 828 3223 regalibus
851 3145 972 3224 aptam,

189 3226 339 3291 Officium
361 3246 426 3289 nou
450 3227 596 3311 germani
619 3224 821 3289 solummodo
846 3227 921 3308 cari,

187 3311 253 3376 Sed
275 3333 371 3397 mage
394 3313 444 3375 ius
467 3313 552 3375 servi
575 3311 680 3375 studio
704 3311 897 3396 complendo
921 3311 1064 3396 benigni.

185 3399 270 3463 Hinc
292 3419 357 3463 uon
378 3399 529 3462 inmerito
551 3399 621 3482 regi
644 3399 766 3482 placuit
788 3399 866 3461 satis
887 3398 960 3483 ipsi,

186 3484 246 3549 Est
269 3505 397 3571 quoque
420 3485 554 3568 reginas
581 3485 723 3548 fraterno
745 3486 872 3548 iunctus
895 3504 1006 3548 amore

184 3571 380 3656 Affectuque
404 3571 457 3655 pio
481 3571 589 3634 fuerat
611 3571 747 3635 dilectus
771 3571 812 3634 ab
836 3570 902 3634 illa.
1160 3583 1218 3636 (ris)

187 3657 277 3722 Tunc
300 3679 361 3722 rex
382 3657 532 3721 Italicum
555 3662 789 3743 peragraverat
810 3656 953 3742 undique
975 3676 1122 3741 regnum,

161 3813 214 3867 650
238 3815 332 3867 manda
348 3815 406 3866 telis
424 3814 458 3864 Μ
559 3813 610 3867 653
636 3816 686 3866 boc
702 3815 794 3880 scripsi
810 3813 856 3878 (sc.
873 3832 931 3867 com
948 3813 1098 3874 adsentrclr
1114 3814 1161 3865 bos
1178 3813 1211 3865 Μ

147 3880 231 3936 Tanti
253 3885 328 3936 ducis
351 3885 508 3950 compositus
525 3883 570 3933 Μι
591 3881 731 3948 (menapos
750 3901 784 3939 m,
795 3884 821 3949 1)
902 3882 997 3949 Gldsq.
1016 3884 1044 3935 C.
1064 3884 1092 3934 in
1109 3900 1134 3949 p.
1152 3899 1177 3949 q.
1196 3892 1216 3936 t.

139 3950 356 4089 ⁸3⁹pffl÷nfllarslfn
373 3970 427 4005 ros.
444 3958 503 4004 ost
521 3952 555 4002 Μ
645 3951 698 4005 680
724 3951 789 4020 regi!
806 3953 906 4019 placuit
927 3953 958 4004 Μ
979 3951 1179 4017 (recreem,
1201 3971 1217 4004 o
1303 3993 1308 4003 .

165 4158 255 4226 fidles.
268 4162 302 4228 cs.
313 4163 490 4226 qmuasqq.
550 4158 657 4225 bssbsqq.
670 4162 704 4228 cs.
718 4159 801 4211 K.-D.
810 4163 910 4225 peon.
964 4157 1015 4210 668
1026 4160 1061 4225 cf.
1072 4166 1133 4226 qest
1144 4161 1216 4211 1168.

152 4229 189 4296 ts.
206 4239 268 4296 ραι.
284 4235 341 4281 601.
430 4227 479 4280 681
489 4246 526 4294 sq.
550 4229 581 4280 de
606 4230 766 4281 Adelbcs'due
791 4238 815 4280 ct
832 4228 943 4280 Honos
963 4229 1094 4280 merto
1115 4230 1217 4295 sonum

139 4304 174 4360 le,
199 4300 241 4350 cat
263 4299 315 4349 Ην,
342 4299 533 4364 obloqueretur,
555 4299 662 4350 corsiccit
675 4298 756 4350 Waita
772 4297 894 4363 (Forscb.
916 4315 937 4349 a.
956 4297 983 4350 d.
999 4298 1030 4350 θ.
1042 4296 1090 4348 IX
1102 4315 1133 4365 p.
1145 4299 1216 4363 336),

139 4368 177 4431 to,
191 4385 253 4419 anm
270 4378 352 4429 reem
369 4368 404 4434 cf.
420 4369 586 4435 qest7371q.
