2910 5024
252 393 302 449 150
610 389 876 446 Huorsvrrflnu
894 390 1025 447 OPERA.

106 556 227 648 [HI]2
336 562 473 628 Errare.
518 561 700 642 Abraham,
729 562 911 646 Abraham,
940 561 1017 650 quid
1043 565 1190 651 pateris?
1209 564 1216 646 Ι
1235 584 1291 629 cur
1334 566 1380 631 lus

249 649 336 713 licito
360 649 578 713 contristaris?
593 648 597 733 Ι
611 648 796 735 Numquam
819 649 880 714 fuit
902 650 951 715 las
974 651 1170 716 eremicolae
1185 651 1190 735 Ι
1203 670 1266 715 con
1338 656 1381 719 uri

249 736 462 800 saecularium
484 755 585 801 mors.
606 737 611 818 Ι

335 820 503 886 Anaunion.
537 821 803 908 Incomparabilis
826 822 930 886 luctus
951 820 1030 887 mihi
1052 824 1200 909 contigit,
1215 822 1220 905 Ι
1234 824 1380 891 intolera-

249 908 324 972 bilis
348 906 441 971 dolor
462 928 514 972 me
539 907 674 988 efficit!
1404 934 1413 969 s

335 992 473 1058 Errare.
511 994 562 1058 Ne
586 994 688 1078 fatiga
704 1013 756 1058 me
780 994 878 1078 longa
891 993 1065 1059 verborum
1087 993 1382 1081 circuitioneised,

251 1078 328 1165 quid
350 1081 493 1164 patiaris,
517 1100 560 1144 ex
585 1099 656 1144 one.
678 1079 682 1163 Ι

204 1160 223 1223 3
334 1165 501 1231 Assume.
582 1167 661 1245 aria,
681 1169 687 1238 1
706 1166 767 1229 mis
790 1167 901 1253 optiva
922 1165 999 1247 filia,
1018 1165 1025 1249 Ι
1045 1185 1142 1251 quem
1164 1184 1227 1252 per
1248 1166 1300 1233 bis
1313 1169 1382 1234 bins

250 1252 351 1316 lustra
373 1273 498 1317 summa
521 1252 691 1337 diligentia
712 1252 838 1336 numini,
859 1255 865 1334 Ι
884 1271 1009 1317 summa
1032 1252 1166 1317 solertia
1187 1252 1360 1335 instruxi!

336 1336 474 1403 Erranu.
520 1338 606 1413 Quid
627 1338 702 1402 ille?
1397 1362 1418 1401 s

336 1423 504 1489 Annaeus.
549 1425 590 1489 Ei
612 1424 703 1488 mihi!
727 1424 832 1510 periit.

89 1532 155 1585 paq.
170 1518 233 1569 220.
337 1509 474 1574 Errnnu.
519 1509 711 1586 Qualiterti

336 1596 504 1663 nasein.
549 1596 791 1671 Miserabiliter3
811 1596 816 1680 Ι
837 1595 954 1661 deinde
977 1596 1282 1681 evesitlotenter.1

208 1675 226 1734 4
336 1680 474 1752 Ermsu.
513 1682 638 1757 Quibus
659 1682 782 1747 insidiis
801 1691 806 1758 1
827 1682 1036 1748 circumvenit
1058 1703 1132 1748 eam
1154 1684 1246 1751 frons
1269 1686 1386 1775 antiqui

252 1787 287 1832 sc
329 1767 430 1833 entis?
1400 1794 1421 1833 u

289 1789 325 1854 Ψ
336 1774 504 1924 hassia.
541 1855 607 1920 Per
629 1854 775 1919 illicitum
789 1855 793 1938 l
807 1853 973 1918 cuiusdam
996 1854 1192 1921 simulatoris
1206 1856 1385 1939 affectum!

272 1941 319 2023 ui,
348 1944 537 2008 monachico
566 1940 743 2006 adveniens
770 1939 900 2022 habitu,
932 1941 1082 2006 simrdata
1107 1962 1183 2007 cam
1205 1943 1387 2011 visitatione

250 1961 494 2113 dementabat,
527 2028 633 2094 donec
658 2025 797 2091 indocile
819 2027 968 2092 iuvenilis
994 2028 1161 2113 ingenium
1183 2030 1328 2116 pectoris
1347 2028 1388 2095 ed

250 2115 298 2177 sui
320 2134 466 2180 amorem
487 2115 622 2196 inflexit,
643 2114 648 2198 Ι
668 2111 767 2195 adeo,
789 2118 825 2177 ut
846 2133 906 2199 per
927 2114 1104 2179 fenestram
1126 2114 1172 2180 ed
1194 2116 1386 2204 patrandum
1402 2122 1440 2193 [d

249 2200 372 2265 lacinus
395 2203 554 2283 exilivit!
1402 2222 1425 2263 ι

335 2286 473 2353 Eronos.
517 2289 564 2353 A!
589 2284 800 2351 contremisco
823 2283 944 2350 auditu.

208 2362 227 2420 5
336 2373 501 2442 Anninus.
539 2374 585 2438 At
606 2372 663 2437 ubi
685 2372 757 2457 ipsa
771 2370 885 2436 infelix
906 2390 943 2437 se
965 2378 1151 2459 corruptam
1165 2372 1388 2474 sensitinsc·

250 2459 473 2557 tuspulsavit,
493 2460 634 2562 [facicm
650 2478 748 2559 manu
768 2457 937 2558 laceravit
953 2460 959 2539 1
978 2463 1088 2523 vestes
1102 2457 1209 2542 scidit,
1229 2462 1236 2541 Ι
1256 2458 1391 2547 capillos

252 2550 486 2697 emlt’llinvriffi
508 2542 989 2703 lllginidniuiildliailliiuiridglddi
1012 2648 1153 2715 namque
1181 2630 1280 2695 ruins
1297 2630 1305 2715 Ι
1322 2636 1389 2695 toto
1403 2652 1427 2695 ι

251 2717 455 2782 lacrimarum
478 2720 567 2784 fonte
591 2725 641 2782 cst
663 2718 697 2780 lu
722 2715 841 2798 enda!

337 2806 502 2870 Annnnuu.
547 2738 804 2869 Lamentalatur
817 2823 967 2889 namque,
987 2803 993 2887 Ι
1012 2822 1058 2884 se,
1081 2800 1170 2889 quod
1184 2802 1307 2883 luerat,
1328 2822 1390 2868 non

251 2893 360 2967 esse!

335 2974 473 3041 Errasti.
517 2974 588 3039 Vae
610 2975 657 3039 illi
679 2973 856 3056 miseram!

336 3063 501 3128 Annnnsu.
546 3060 707 3146 Lugebat,
731 3080 766 3125 se
789 3062 906 3125 nostris
921 3061 1082 3126 contraria
1097 3061 1232 3126 monitis
1248 3060 1367 3147 egisse.
1382 3072 1386 3139 ῗ
1402 3082 1426 3123 ι

336 3147 474 3213 Errnnu.
519 3147 569 3212 Ac
591 3146 722 3231 valde}

336 3236 502 3300 Anninus.
547 3234 703 3315 Deflevit‚
732 3253 767 3297 se
790 3232 982 3318 vigiliarum,
1006 3232 1190 3298 orationum
1214 3232 1388 3321 ieiuniiqns

251 3318 385 3384 sudores
409 3341 594 3385 evacuasse.
614 3321 620 3402 1

252 3492 273 3555 fi
337 3405 473 3575 Egrnnu.
529 3406 564 3471 Si
592 3407 625 3470 in
655 3406 712 3469 tali
741 3403 976 3490 conpunctione
1004 3412 1244 3491 perseveraret,
1271 3404 1279 3489 Ι
1302 3404 1387 3471 ulra

275 3499 353 3556 eret.
1398 3508 1419 3549 s

98 3550 233 3680 mm&
338 3579 505 3677 Asuuius.
560 3577 651 3642 Haut
683 3577 919 3662 perseveravit,
950 3574 956 3661 Ι
986 3573 1045 3642 sed
1082 3579 1198 3664 peiore
1231 3576 1384 3665 prienam

251 3668 473 3911 apfoilurl'iaiu.
517 3749 747 3814 Visceretenus
769 3748 944 3814 conturbor
962 3748 968 3832 Ι
987 3748 1130 3835 totisque
1157 3748 1318 3817 membris
1336 3768 1383 3814 re·

251 3857 286 3901 so
300 3858 366 3902 ror.

336 4096 353 4148 8
370 4097 492 4163 adoptiva
509 4096 631 4164 Reytuq,
648 4097 745 4165 optima
763 4096 870 4171 Burocl·
921 4092 976 4164 per]
994 4112 1042 4164 pro
1053 4094 1097 4146 dil
1115 4096 1224 4165 (comp.)
1290 4092 1327 4149 2⁰
1339 4110 1380 4147 ιι·

252 4192 318 4241 iliuit
336 4193 364 4241 in
382 4192 483 4244 exiliret
501 4208 568 4242 corr.
587 4208 620 4242 m.
635 4198 648 4243 1
666 4190 705 4255 ll,
728 4174 853 4244 exiliores
866 4207 889 4255 p

342 4368 376 4422 18
392 4368 428 4435 os.
447 4387 508 4436 opp.
526 4370 563 4422 od
584 4370 730 4437 Gongdod.
818 4367 913 4437 ffleqq.
932 4366 969 4437 cs.
987 4370 1052 4424 Aer.
1065 4373 1081 4421 7
1094 4370 1181 4439 Νη.
