2910 5024
520 374 779 432 HROTSVITHAE
796 373 927 430 OPERA.

703 548 745 613 ΙΙ.

447 667 507 733 DE
530 665 807 733 ASOENSIONN
829 666 1004 735 DOMINI.

225 773 350 840 HANG
372 770 702 837 NARRATIONEM
724 771 953 837 IOHANNES
975 771 1224 840 EPISOOPUS

300 860 331 924 A
355 857 536 924 GRAECO
560 856 608 922 IN
629 857 834 924 LATINUM
856 858 1152 925 Tuditanum,

286 1014 464 1100 Postquam
487 1031 643 1099 corporeo
667 1009 813 1076 Christus
835 1013 996 1077 velamine
1020 1019 1125 1079 tectus
1288 1032 1345 1095 {etl

243 1102 324 1166 Tem
348 1101 411 1165 oris
432 1099 579 1185 implevit
601 1099 740 1184 spatium
763 1099 845 1164 sacri
867 1098 1098 1184 venerandum,

245 1122 346 1262 Quod
363 1208 435 1252 cum
459 1186 628 1271 terrigenis
650 1186 768 1249 mansit
790 1185 962 1272 dignanter
982 1185 1145 1271 homullis,

245 1275 307 1349 Qui
330 1275 417 1339 solus
439 1272 573 1337 maculis
619 1272 702 1336 otuit
723 1273 792 1336 sine
815 1273 926 1337 visere
948 1275 1081 1358 cunctis,

175 1386 187 1425 s
244 1362 290 1427 Ut
311 1381 371 1447 per
394 1379 430 1423 se
452 1358 571 1423 mundo
595 1293 830 1424 demonstraret
851 1358 1041 1425 redimendo

246 1447 376 1513 Gaudia
397 1451 576 1532 perpetuae
600 1443 764 1531 qnondam
786 1446 872 1510 male
894 1444 1025 1532 perdite
1045 1448 1145 1528 ritae,

244 1536 390 1619 Postque
406 1533 634 1618 triumphalem
650 1538 871 1619 sanctamque,
886 1534 975 1684 qiam
986 1554 1127 1621 qnoque,
1142 1544 1291 1611 mortem,

246 1621 351 1695 Quam
372 1620 473 1684 nostri
496 1639 593 1683 causa
614 1620 776 1705 patienter
797 1625 892 1705 pertu
906 1621 930 1684 ‘t
952 1640 1042 1706 ergo,

246 1709 333 1773 Dum
356 1708 458 1771 victor
479 1726 599 1791 magno
621 1707 720 1791 fregit
741 1707 914 1771 luctamine
937 1707 1005 1771 tela

162 1818 187 1858 ro
243 1794 386 1861 Humani
408 1794 538 1879 generis
561 1792 749 1856 saevissima
770 1792 898 1858 fortiter
917 1792 1032 1876 hostis,

245 1881 417 1967 Sanguinis
440 1886 474 1944 et
495 1881 634 1966 pretium
658 1880 779 1966 proprii
801 1881 902 1965 gratis
925 1878 1015 1945 dedit
1037 1881 1189 1966 amplum,

245 1969 310 2034 Pro
333 1967 426 2033 nobis
449 1967 589 2030 animam
613 1965 779 2051 deponens
800 1967 833 2030 in
856 1986 950 2032 cruce
973 1986 1093 2049 caram,

246 2055 381 2121 Necnon
403 2053 539 2139 gloriola
561 2054 722 2139 surgentis
744 2053 805 2117 rite
828 2059 961 2140 peracta

247 2142 357 2227 Atque
381 2146 496 2226 quater
518 2139 608 2204 denis
632 2139 696 2204 diei
717 2140 829 2225 spatiis
852 2141 1025 2226 replicatis,

162 2249 187 2289 a
245 2228 284 2293 In
307 2228 387 2314 quis,
410 2225 574 2312 discipulis
597 2246 757 2312 apparens
780 2226 893 2291 sedulo
916 2228 1008 2307 caris,

246 2315 328 2381 Esse
351 2334 410 2378 sua
430 2319 574 2379 nostram
596 2319 754 2378 monstrat
776 2334 847 2377 cum
871 2321 975 2379 morte
997 2322 1202 2415 peremptam

246 2402 317 2467 Nec
339 2402 451 2465 mortis
473 2401 584 2465 vinclis
607 2420 642 2464 se
665 2419 761 2486 posse
784 2400 925 2465 tenerier
946 2406 1035 2481 artie,

247 2487 310 2562 Qui
333 2488 420 2552 solus
442 2487 557 2588 culpae
580 2487 685 2551 fuerat
707 2488 776 2550 sine
799 2486 947 2553 sordibus
969 2486 1075 2568 Adae,

248 2576 415 2641 Postremo
439 2595 521 2638 cans
542 2573 659 2659 ijsdem
682 2580 877 2638 monstratur
899 2575 1020 2657 amicis,

165 2688 191 2728 so
248 2661 366 2727 Montis
389 2660 525 2726 oliviferi
548 2661 716 2747 praecelso
739 2661 859 2725 vertice
883 2660 992 2746 quidni

249 2752 379 2831 Astans,
401 2748 592 2833 astrigeram
614 2768 692 2811 mox
715 2767 904 2811 ascensurus
927 2746 969 2812 ad
991 2748 1110 2825 culam,

249 2835 441 2920 Affaturque
464 2855 539 2898 suos
562 2854 634 2898 cum
657 2833 714 2898 tali
736 2854 816 2898 voce
839 2835 1014 2899 ministros:

248 2922 305 2987 ‘Ut
327 2930 422 3008 pater
441 2922 475 2986 in
498 2920 650 2985 mundum
673 2941 725 2985 me
749 2921 896 3006 promisit
917 2921 979 2986 sibi
1001 2942 1121 3003 canum,

250 3009 303 3074 Sic
326 3029 388 3095 ego
411 3009 504 3073 mitto
527 3028 618 3072 meos
641 3007 777 3072 dilectos
799 3014 927 3072 vosmet
948 3009 1080 3074 amicos.

163 3120 188 3160 oe
246 3095 292 3160 At
312 3117 381 3177 vos,
404 3096 436 3159 in
458 3101 574 3181 gentes
597 3094 689 3158 citius
712 3102 842 3158 cunctas
866 3095 1035 3178 abeuntes,
1301 3115 1345 3179 [a

249 3182 327 3247 Illas
349 3189 528 3269 perpetuae
551 3182 637 3245 vitae
661 3181 815 3245 mandata
839 3181 965 3263 docete,

249 3268 429 3334 Credentes
451 3289 543 3333 sacra
565 3274 742 3354 purgantes
765 3269 852 3332 ocius
874 3267 961 3332 unda

249 3355 286 3419 In
309 3356 409 3440 patris
432 3362 466 3419 et
488 3356 555 3420 nati
577 3356 699 3441 pariter
721 3374 850 3440 quoqne
874 3354 1010 3419 flaminis
1033 3352 1110 3417 almi

248 3440 397 3522 Nomine,
421 3462 484 3528 quo
506 3442 626 3506 veteris
649 3441 815 3528 deponant
837 3443 970 3506 crimina
992 3440 1111 3513 sordis;

250 3619 382 3669 Ascmsro.
412 3614 424 3679 11
442 3615 519 3666 inser.
538 3630 554 3666 s
572 3629 699 3666 onscoms
717 3615 749 3666 M
764 3615 775 3680 ΙΙ
873 3614 890 3665 5
912 3616 987 3667 modo
1012 3613 1055 3666 u:
1079 3632 1149 3666 corr.
1171 3612 1252 3680 sess
1269 3614 1302 3667 de

165 3691 193 3740 lo
211 3688 340 3739 Bretcnae
358 3684 404 3751 (cs.
424 3684 494 3736 Mar.
506 3689 561 3749 895,
579 3687 699 3749 acono)
786 3684 948 3751 liquandam
968 3684 1001 3735 u
1089 3682 1118 3735 ll
1139 3684 1240 3750 broprii
1258 3684 1300 3735 1¹

165 3756 198 3810 14
214 3757 295 3826 spacii
315 3754 354 3805 M:
372 3755 473 3805 correxi
490 3753 571 3819 (plur.
590 3755 724 3807 intervella
747 3753 859 3820 Theoph.
872 3758 932 3811 247)
1020 3752 1053 3805 16
1071 3754 1134 3805 Face
1151 3753 1180 3803 in
1199 3771 1256 3805 m.
1270 3753 1302 3804 Π

166 3824 197 3879 lt
211 3823 272 3893 Neo]
292 3826 400 3877 Nennon
418 3822 452 3873 M
466 3823 508 3886 (cc
525 3841 547 3874 o.
559 3823 600 3889 13)
643 3841 718 3890 poeoe
737 3823 778 3873 Μ’
858 3823 890 3874 19
907 3823 995 3889 fredam
1014 3830 1173 3875 monstratur
1190 3820 1237 3884 (a
1253 3824 1304 3875 ·nit

164 3898 245 3961 corr.)
257 3893 355 3958 amiciis
369 3893 411 4013 (ᾗ
423 3909 480 3944 -ous
491 3893 570 4012 epse-r.)
588 3893 623 3944 ric
642 3894 680 3957 Μ,
696 3894 776 3944 isdem
792 3895 945 3945 monstrauit
959 3894 1049 3945 amicis
1058 3909 1080 3958 p
1161 3889 1193 3941 ‘dl
1208 3908 1297 3945 unu·

164 3983 240 4017 surus
260 3965 289 4014 M
427 3979 482 4013 meo

251 4105 383 4152 Ascraeo.
420 4099 433 4151 1
443 4116 495 4166 sqq.
508 4099 630 4165 apcdccic
641 4100 732 4166 incipit
743 4119 765 4152 o.
777 4105 822 4159 19,·
834 4099 950 4165 protasis
962 4098 1103 4164 tripertita:
1115 4101 1167 4150 tric
1178 4116 1301 4150 meru

165 4189 283 4225 camum
309 4170 422 4221 memora
448 4170 485 4220 ito
511 4169 673 4233 dividuntur,
702 4178 730 4220 ut
755 4171 821 4221 binio
847 4169 959 4221 oereidtu
985 4169 1145 4219 mbicioauer
1170 4170 1301 4234 quaeri

167 4241 200 4294 le
217 4244 251 4309 cs.
270 4243 373 4291 osc.63.
457 4236 532 4304 ldcq.
550 4240 584 4305 cs.
603 4248 652 4290 act.
671 4256 689 4289 a
708 4245 749 4301 .1,
759 4243 782 4292 3.
863 4238 895 4290 16
912 4240 947 4305 cs.
970 4237 1030 4289 Oeae
1044 4241 1081 4299 13.
1093 4244 1131 4290 u.
1212 4235 1248 4290 20
1263 4240 1301 4305 es.

161 4312 241 4378 prin.
259 4314 305 4361 2⁶1
327 4311 350 4360 et
371 4316 419 4359 oct.
442 4311 576 4373 ap.1,12.
680 4258 765 4375 ἕδη.
788 4311 823 4375 cs.
845 4307 900 4358 Ion.
919 4325 955 4359 eo.
967 4310 1011 4371 20,
1021 4310 1060 4358 21.
1147 4304 1300 4375 2501qu
