2910 5024
169 331 219 386 126
528 329 789 387 HROTSVITHAE
807 330 938 388 OPERA.

49 499 100 565 IX
126 504 139 562 t
253 501 497 568 Tsnnssrusus.
528 501 669 567 Gloriosi
685 509 785 568 testes
802 503 932 586 Christi,
943 504 949 588 Ι
961 504 1127 571 Iohannes
1143 514 1177 570 at
1190 505 1300 577 Paule.

168 589 337 653 imitamini
354 610 450 652 exem
474 589 540 653 lum
556 591 725 674 magistri!
745 588 863 655 eadem
879 591 1028 673 iubentis,
1048 594 1054 668 Ι
1074 599 1108 657 et
1131 602 1223 657 orate
1244 614 1299 679 pre

167 683 412 761 persecutorum
462 676 573 740 elictis.
595 680 599 756 Ι
618 676 697 740 Este
727 677 961 763 compatientes
984 678 1090 743 orbati
1120 680 1223 765 patris
1244 701 1298 746 an·

168 763 292 846 gustiis,
312 765 317 844 Ι
338 768 371 826 et
400 762 616 826 misereamini
642 763 787 826 furientis
813 763 882 827 nati
908 765 1056 845 miseriis,
1075 769 1081 841 Ι
1101 785 1167 849 quc
1194 766 1298 847 ambs,

169 849 260 912 tincti
283 848 372 913 fonte
394 848 607 934 baptismatis,
627 851 632 930 Ι
651 869 898 935 perseveremus
920 851 953 914 in
974 850 1039 915 fide
1055 858 1188 917 mucha
1210 854 1296 917 trini-
1322 880 1332 915 s

217 934 224 948 '
254 941 260 978 t

142 1012 148 1026 '
253 1040 480 1086 csnssrrccms.
532 1019 654 1101 Parae,
687 1020 914 1104 Torrentiane,
944 1023 1095 1105 lacrimis,
1114 1029 1122 1100 t
1140 1029 1176 1088 et
1201 1043 1296 1109 parce
1309 1022 1366 1085 sets

168 1106 324 1172 anxietati
348 1106 466 1171 cordis!
488 1107 492 1189 Ι
512 1104 562 1169 En
589 1106 673 1170 filius
695 1113 768 1172 tuus
790 1108 951 1194 resipiscit
968 1112 974 1192 Ι
993 1116 1028 1175 et
1053 1128 1115 1195 per
1135 1111 1298 1176 maturum

167 1192 266 1257 suffra
291 1194 321 1256 'a
343 1213 455 1257 sanum
477 1210 551 1257 rece
575 1193 635 1265 itt

254 1213 498 1344 {insumimus
534 1213 663 1343 (frctias
685 1280 756 1364 regi
778 1277 989 1361 aeternitatis,
1007 1281 1014 1363 Ι
1033 1278 1172 1364 quisuis
1192 1282 1296 1347 militi·
1312 1292 1334 1329 ¹⁰

166 1363 227 1428 bus
243 1370 369 1429 tantum
390 1366 552 1450 praestitit
566 1365 707 1448 honoris,
727 1370 732 1449 Ι
751 1372 787 1430 ut
809 1386 874 1431 non
887 1364 992 1429 solum
1013 1365 1142 1430 animae
1158 1367 1298 1452 gaudent

166 1451 199 1514 in
229 1452 335 1532 caelo,
366 1450 424 1516 sed
454 1452 553 1515 etiam
580 1458 706 1516 mortua
734 1453 767 1517 in
794 1452 925 1517 tumulis
955 1470 1030 1515 ossa
1050 1453 1149 1516 variis
1176 1453 1298 1540 fulgent

166 1537 393 1602 miraculorum
423 1539 524 1602 titulis
549 1545 554 1618 Ι
580 1539 613 1602 in
641 1539 860 1603 testimouium
891 1537 941 1602 sui
970 1538 1161 1622 sanctitatis,
1181 1541 1188 1624 Ι
1206 1560 1296 1626 praa·

168 1629 274 1688 stante
298 1623 427 1688 dominc
450 1632 559 1689 nostro
583 1624 660 1689 Iesu
683 1623 820 1707 Christo,
844 1625 899 1710 qui
920 1624 999 1689 vivit

255 1815 273 1867 5
289 1816 435 1882 baptimatis
453 1816 485 1866 M
562 1814 593 1866 11
613 1832 649 1882 aq.
666 1817 798 1884 gaudeant
814 1824 839 1868 et
855 1815 973 1883 fulgeant
991 1813 1035 1865 Μ’
1115 1813 1150 1867 14
1167 1815 1204 1867 tie
1220 1815 1294 1869 dm-

167 1885 236 1950 lopr'a
253 1902 306 1936 nora
318 1885 467 1951 perscripta
485 1884 518 1934 M

253 2055 313 2125 2⁰1⁴·
326 2056 389 2108 Lac.
399 2059 477 2120 23,34
489 2068 568 2124 pater,
581 2057 679 2109 dimitte
688 2056 753 2116 illis·
765 2055 858 2107 Mettis.
866 2061 929 2118 Mt
941 2066 1012 2110 crate
1021 2073 1069 2124 pro
1078 2058 1291 2124 manuhe
