2910 5024
529 347 794 405 HROTSVITHAE
812 346 945 406 OPERA.

271 521 417 609 ‘Accipe
441 542 515 588 care
537 543 641 604 mens,
663 522 810 587 misiam
832 521 1021 588 venerabile
1043 541 1172 612 corpus,

272 610 372 676 (luins
394 610 584 695 mysterium
607 609 667 673 tibi
689 629 768 673 mox
791 607 951 694 conplebo
973 615 1152 686 nectem

270 695 422 782 Namque
445 697 492 760 tui
514 716 641 761 meroes
662 715 791 760 mecum
812 701 924 761 manet
947 697 1072 783 optima
1092 717 1220 785 perpm

272 782 400 868 Hisque‘
423 783 510 847 salus
532 801 659 848 summa
679 782 781 868 patris
803 788 988 868 praestatur
1009 783 1044 848 in
1068 784 1155 868 sula,

273 869 465 936 Consentire
488 870 551 933 tuis
575 870 629 954 qui
651 867 730 933 dent
752 888 886 955 operam
908 869 963 955 pie
985 869 1090 935 iussis.

272 955 371 1022 Certa
393 962 579 1022 constanter
600 974 761 1041 serveque
783 953 881 1021 fidem
902 955 1077 1041 patienter,

275 1041 348 1116 Quo
371 1050 518 1108 crescant
540 1042 678 1107 celebris
700 1041 761 1107 tibi
781 1041 847 1107 iem
869 1043 1045 1128 praeconia
1067 1041 1187 1119 londin

270 1128 324 1212 Et,
348 1129 575 1215 quodcumque
597 1128 697 1193 sacris
720 1148 741 1191 a
761 1148 816 1193 me
838 1127 990 1229 precibus
1011 1129 1180 1216 rogitabis,

272 1215 322 1280 Im
347 1224 455 1282 etrare
478 1216 543 1280 mei
565 1216 688 1300 poteris
711 1213 797 1279 dono
819 1214 976 1300 pretatis?

271 1237 345 1367 Tali
366 1303 506 1367 laetatus
529 1302 622 1366 fortis
642 1300 801 1366 solamine
824 1303 917 1366 testis

268 1387 369 1453 Nulla
390 1390 483 1454 timet
506 1393 669 1453 tormenta
691 1389 760 1472 peti
780 1408 842 1538 pro
864 1387 996 1453 nomine
1018 1386 1148 1454 Christi.

268 1474 350 1540 Post
372 1475 455 1541 haec
477 1474 632 1540 abstracti
655 1479 758 1538 testes
803 1494 822 1539 e
845 1493 977 1540 carcere
999 1474 1095 1557 terni,

271 1561 455 1648 Praecepto
477 1582 557 1627 mox
578 1561 738 1647 praefecti
760 1566 900 1646 cogente
923 1560 1067 1646 superbi,

271 1648 326 1712 An
349 1649 471 1713 vellent
493 1647 590 1729 duris,
613 1647 804 1733 rogitantur,
828 1645 946 1713 cedere
968 1648 1096 1734 poenis.

273 1733 336 1808 Qui
358 1735 443 1800 bene
466 1734 652 1814 concordes,
676 1734 764 1799 clara
786 1753 916 1820 quoque
939 1754 1021 1800 voce
1044 1734 1194 1816 fatentes,

270 1821 404 1887 Patrem
429 1843 502 1887 cum
524 1828 601 1885 nato
624 1840 751 1885 necnon
774 1841 848 1886 cum
870 1821 1001 1885 flamine
1023 1840 1118 1887 sacro

271 1906 354 1973 Esse
378 1907 477 1977 deum
498 1928 612 1973 rerum
635 1908 805 1992 solumque
827 1907 1017 1993 perenniter
1038 1926 1149 1989 unum,

270 1995 447 2060 Testantur
467 2015 546 2059 mox
568 1994 666 2058 malle
689 1994 772 2058 mori
793 2014 853 2095 pro
876 1994 1007 2059 nomine
1029 1992 1161 2073 Christi,

269 2080 478 2147 Membratim
501 2101 631 2166 quoque
654 2081 821 2167 suppliciis
844 2080 947 2145 scindi
968 2079 1134 2161 redivivis,

269 2166 375 2241 Quam
399 2188 457 2232 sua
481 2169 565 2233 colla
587 2166 649 2231 diis
670 2188 824 2253 umquam
847 2166 1039 2233 submittere
1062 2167 1161 2233 falsu.

270 2254 344 2319 Hac
364 2255 469 2340 magis
492 2254 635 2319 offensus
657 2274 791 2340 praeses
813 2256 941 2319 ratione
962 2254 1121 2340 profanus

269 2340 339 2405 Ceu
361 2342 415 2405 leo
436 2361 502 2405 non
524 2339 652 2405 modice
674 2342 804 2426 mgiens
826 2347 1041 2427 praeceperat
1062 2342 1123 2425 ira,

268 2427 397 2509 Adletis
421 2426 540 2492 Christi
563 2427 706 2492 cervices
728 2448 806 2492 mox
828 2428 969 2492 resecari

268 2513 313 2579 Et
334 2513 452 2664 gladiis
475 2520 607 2578 cunctos
630 2513 746 2599 perimi
768 2513 965 2600 baptismate
987 2513 1084 2579 lotos.

269 2599 336 2664 Cae
361 2600 433 2665 ibus
455 2600 641 2682 innumeris,
663 2607 701 2664 ut
720 2601 822 2681 iussit,
845 2617 986 2685 namque
1007 2600 1160 2685 peracb's,

268 2686 405 2751 Praesul
429 2708 502 2753 cum
525 2687 620 2751 sociis
643 2687 770 2751 iunctus
794 2686 931 2751 trahitur
952 2686 1158 2753 veremudus

267 2773 322 2837 Ad
344 2775 417 2838 loca
438 2774 583 2859 martyrii
606 2771 725 2837 damno
748 2774 890 2858 capitum
911 2772 1104 2858 peragendi

268 2858 331 2933 Qui
353 2881 439 2942 nam,
463 2859 656 2945 gaudentes,
680 2859 810 2925 domino
833 2858 1014 2945 laudesque
1037 2866 1196 2942 mentes,

269 2946 460 3032 Pergebant
480 2947 624 3033 prompti
645 2952 752 3010 semet
773 2966 851 3010 mox
874 2944 997 3012 dedere
1019 2948 1127 3012 morti.

265 3032 401 3098 Praesul
424 3040 510 3115 tunc,
534 3033 634 3098 oculis
657 3053 783 3096 sursum
806 3033 1021 3118 manibusque
1043 3033 1168 3116 lerau's,

264 3119 452 3186 Altithrono
476 3121 559 3184 tales
581 3118 740 3184 fundebat
762 3139 904 3205 congme
926 3125 1050 3205 grates:

263 3205 320 3270 ‘Mi
342 3205 416 3288 dee,
439 3206 484 3271 mi
506 3207 620 3288 iactor,
642 3206 688 3269 mi
710 3207 961 3270 clementissime
983 3211 1102 3289 rector,

268 3291 332 3367 Qui
353 3313 407 3358 me
430 3293 522 3358 vitali
543 3298 713 3378 praestans
735 3311 815 3356 aura
836 3293 890 3378 pie
912 3292 1001 3357 vesei

267 3377 399 3444 Scilicet
419 3379 542 3464 ingenii
565 3377 693 3444 donasti
714 3379 787 3444 luce
809 3378 972 3464 profundi,

267 3463 340 3539 Quo
364 3466 405 3529 tis
428 3473 590 3530 secretum
611 3472 774 3530 scrutarer
794 3466 1034 3551 mysteriorum,

266 3551 315 3616 Te
338 3553 443 3616 solum
465 3552 576 3634 laudo,
601 3558 634 3616 te
657 3550 852 3617 cordetenus
873 3550 1045 3633 benedico,

264 3635 309 3701 Et
331 3637 391 3702 tibi
414 3637 550 3703 devotas
573 3639 694 3704 eunctis
718 3644 828 3723 grates
849 3658 913 3724 ago
935 3637 1092 3704 membris

264 3723 330 3788 Pro
354 3726 478 3790 cunctis
501 3723 595 3789 donis
617 3725 696 3789 mihi
719 3726 858 3791 collatae
880 3725 1027 3811 pietatis;

242 3950 293 4004 189
315 3953 416 4005 tibimet
434 3952 508 4019 M¹p¹
596 3952 644 4005 191
669 3954 751 4019 plecti
770 3953 813 4014 M,-
837 3956 872 4021 σί.
897 3954 966 4021 Apri.
980 3958 1026 4006 119
1113 3951 1164 4007 19?
1180 3952 1288 4007 iduh·

154 4019 250 4073 diuinis
267 4021 300 4071 J!
316 4021 448 4085 (radendo
466 4039 544 4085 corr,
561 4041 579 4072 o
599 4022 666 4074 Oelte
684 4032 712 4074 ac
729 4023 957 4087 oid.),··soindeire
974 4023 1072 4076 diuinis
1083 4024 1127 4091 γ’,
1148 4039 1177 4076 κ
1192 4023 1289 4077 mh

155 4089 226 4139 duris
238 4092 273 4156 γ’
360 4089 412 4143 202
430 4093 498 4159 pemi
518 4092 559 4143 Μ’
648 4090 699 4143 204
717 4090 853 4144 uenerand
871 4093 906 4144 Μ
922 4094 949 4158 (i.
962 4110 985 4146 c.
1002 4094 1082 4146 -ndus
1099 4109 1148 4147 coc.
1164 4100 1289 4146 Μ

154 4157 240 4210 dinem
258 4159 369 4224 librarii,
386 4170 409 4213 ct
426 4162 463 4213 cic
475 4161 510 4227 p)
596 4157 649 4212 213
668 4163 773 4214 secretis
790 4161 823 4212 M

242 4343 293 4398 185
310 4349 345 4414 cs.
364 4348 433 4414 Apu.
446 4350 502 4400 342.
591 4346 643 4400 202
661 4351 695 4416 cs.
714 4347 770 4401 Pel.
783 4352 823 4400 27.
