2910 5024
523 370 551 426 11
568 370 593 426 2.
611 369 757 425 Dulcitiua
1159 369 1209 424 133

10 545 41 636 3]
153 543 290 609 Hsnuns.
344 541 461 607 Melius
489 548 553 623 est,
588 547 624 606 ut
655 562 771 627 corpus
799 542 1054 630 quibuscumque
1084 544 1206 609 iniuriis

65 631 260 705 maculetur,
280 635 285 710 1
306 650 403 716 quam
426 629 533 693 anima
554 627 649 694 idolis
671 629 844 713 polluatur.
865 631 869 710 Ι

156 716 319 782 sennes.
358 715 393 780 Si
409 717 496 780 socia
520 715 583 780 eris
598 716 814 795 meretricum,
834 718 839 797 Ι
859 736 922 779 non
945 717 1066 802 poteris
1082 718 1206 802 polluta

66 806 152 870 intra
176 802 422 868 contubernium
442 805 447 882 Ι
467 802 647 887 computari
668 802 836 886 virginum.
857 803 863 884 Ι

154 888 290 954 Euenus.
336 889 496 974 Voluptas
518 889 602 974 parit
623 907 774 972 poenam,
795 888 800 970 Ι
819 888 995 952 necessitas
1018 895 1128 953 autem
1151 909 1206 952 co·
1237 918 1249 957 s

67 997 196 1055 ronam3
217 976 222 1059 Ι
242 997 303 1040 nec
326 974 443 1040 dicitur
464 981 583 1055 reatus,
603 975 609 1056 Ι
629 975 690 1038 nisi
712 973 800 1060 quod
823 975 982 1039 consentit
1004 976 1137 1041 animus.
1158 976 1163 1056 Ι

17 1061 310 1215 dmmssnrnurns.
367 1061 501 1125 Frustra
534 1060 723 1147 parcebam,
759 1061 878 1124 frustra
906 1061 1085 1126 miserebar
1113 1062 1206 1126 huius

157 1150 233 1213 tiae.

154 1255 284 1299 urnrrns.
318 1232 567 1308 Praescivimus3
582 1232 586 1316 l
604 1233 786 1296 nullatenus
806 1231 809 1316 l
831 1233 873 1297 ad
894 1232 1028 1298 deorum
1045 1235 1204 1298 culturam

64 1328 177 1409 potest
199 1321 296 1401 flecti,
316 1323 321 1398 1
340 1339 402 1383 nec
426 1325 548 1383 terrore
571 1339 725 1404 umquam
748 1325 857 1404 potest
880 1320 1020 1405 frangi!
1224 1346 1250 1384 10

154 1407 315 1473 Suruurus.
360 1403 434 1469 Non
455 1405 539 1469 ultra
562 1426 703 1491 parcam.

153 1514 282 1558 uramus.
329 1491 477 1555 Rectum.

14 1584 34 1643 5
154 1578 314 1644 Srsrumus.
360 1576 476 1664 Capite
499 1577 588 1640 illam
610 1577 680 1640 sine
702 1577 920 1657 miseratione,
941 1585 946 1652 Ι
966 1582 1013 1658 et,
1037 1577 1202 1641 trahentes

64 1687 140 1732 cum
164 1664 367 1745 crudelitate,
386 1668 392 1746 Ι
412 1663 520 1728 ducite
544 1661 587 1726 ad
609 1663 746 1749 lupanar
768 1665 836 1728 sinc
859 1663 1019 1745 honore!

152 1750 287 1817 Hrnaus.
332 1750 406 1815 Non
428 1749 616 1837 perducent.
1224 1775 1248 1814 rs

153 1837 311 1902 Srsrunnus.
358 1836 437 1911 Quis
459 1836 633 1922 prohibere
657 1837 799 1922 poterit?
819 1834 824 1921 Ι

153 1923 289 1989 Hmsur.
335 1922 398 1997 Qui
419 1921 575 1987 mundum
597 1923 646 1986 sui
669 1921 874 2008 providentia
897 1920 1015 2007 regitl

10 2044 38 2094 ῃ,
154 2010 313 2075 Srsruurns.
358 2008 547 2091 Pmbabcl

152 2095 286 2160 Hirrum.
331 2096 381 2161 Ac
403 2096 495 2160 citius
516 2095 644 2176 libitui

153 2180 313 2247 Srfflunrus.
356 2182 407 2247 Ne
430 2182 634 2257 terreamini,
658 2181 786 2260 milites,
809 2179 977 2244 fallacibus
999 2179 1093 2243 huius
1115 2177 1202 2242 blaa-
1221 2199 1247 2239 ae

58 2268 204 2356 phamas
227 2289 344 2353 praesa
369 2269 416 2333 'is.

150 2375 281 2524 usurpas.
366 2376 408 2419 on
442 2360 617 2433 terremur,
644 2355 649 2432 Ι
676 2350 735 2415 sed
770 2352 832 2416 tuis
868 2351 1051 2437 praeceptis
1085 2369 1202 2436 parere

56 2441 201 2505 nitimur.

10 2675 27 2736 1
153 2661 313 2728 Summus.
359 2662 422 2738 Qui
437 2669 511 2728 sunt
532 2663 577 2746 hi,
601 2663 655 2749 qui
676 2683 735 2726 nos
749 2658 926 2724 invadunt?
961 2657 1066 2733 Quam
1081 2660 1200 2725 similes
1219 2685 1246 2726 rs

62 2755 140 2813 sunt
161 2748 327 2831 militibus,
347 2749 351 2833 l
373 2748 489 2835 quibus
504 2747 662 2814 Hirenam
678 2747 884 2812 tradidimus!
905 2745 910 2832 Ι
929 2746 997 2832 Ipsi
1019 2752 1102 2814 sunt.
1136 2745 1202 2812 cn·
1219 2761 1268 2827 soz.
1281 2764 1331 2812 94¹

63 2841 133 2899 tam
155 2836 220 2900 cite
243 2836 461 2900 revertimini?
481 2837 487 2919 Ι
507 2857 570 2922 quo
595 2834 725 2900 tenditis
747 2840 814 2898 tam
836 2833 991 2916 anhelitl

150 2942 282 2987 mamas.
326 2922 374 2988 Te
396 2923 502 3008 ipsum
525 2923 717 3009 quaerimus.

152 3007 312 3074 Summus.
356 3008 421 3073 Ubi
444 3016 503 3091 est,
527 3030 624 3094 quam
646 3008 810 3072 traxistis?
829 3007 835 3086 Ι

149 3114 279 3159 murras.
324 3094 362 3158 ln
385 3096 555 3181 supercilio
578 3096 731 3174 montisi

151 3178 312 3246 Serninus.
357 3179 474 3246 Cuius?
1220 3199 1246 3239 cc

27 3337 45 3398 ²
150 3267 563 3521 gpppppsffisnPrgmipppmfi
586 3358 620 3416 ct
634 3350 772 3416 hebetes
791 3350 797 3433 1
817 3349 980 3434 totiusque
995 3348 1128 3413 rationis
1151 3349 1201 3414 in·

123 3457 212 3503 aces.

63 3457 122 3525 “p
149 3544 281 3590 unmns.
320 3524 386 3590 Cur
402 3524 652 3675 causeristpcur
667 3543 747 3588 voce
764 3528 798 3587 et
813 3522 903 3586 vultu
918 3521 1011 3586 nobis
1027 3521 1199 3607 minarisll

150 3609 312 3677 Summus.
358 3611 400 3675 Di
422 3631 480 3676 voa
505 3631 565 3697 per
588 3616 659 3674 ant!
1219 3630 1244 3671 as

149 3717 279 3761 urmrns.
331 3697 417 3772 Quid
445 3699 479 3762 in
506 3702 540 3762 te
568 3697 805 3762 commisimus?
826 3697 831 3774 Ι
851 3714 949 3781 quam
970 3694 1029 3758 trbr
1050 3695 1198 3759 miuriam

58 3784 220 3849 fecimus?
239 3784 246 3864 Ι
266 3804 350 3870 quae
372 3791 428 3849 tua
450 3785 537 3848 iussa
559 3783 750 3868 transgressi
772 3782 925 3863 sumusll

148 3869 310 3936 Srsnunrus.
356 3869 472 3936 Nonne
488 3871 651 3957 praecepi,
674 3876 710 3934 ut
731 3869 891 3934 rebellem
907 3867 1043 3933 deorum
1066 3865 1108 3930 ad
1130 3873 1197 3930 tur-

54 3957 217 4045 pitudinis
240 3956 347 4021 locum
371 3956 566 4022 traheretis?
586 3961 592 4038 1

146 4115 162 4167 l
181 4132 278 4183 corpus
294 4130 328 4165 u.
345 4121 406 4166 aul
424 4114 459 4165 Il
545 4112 580 4166 20
598 4114 755 4181 blasphemie
776 4114 821 4173 Μ,·
845 4114 879 4180 cs.
898 4128 992 4178 appar.
1010 4111 1047 4163 ad
1060 4127 1090 4177 p.
1104 4113 1202 4175 130,34

49 4184 88 4240 26
106 4188 169 4250 Quo
186 4182 217 4248 (ο
235 4185 264 4234 in
281 4184 349 4249 raa.)
367 4183 412 4244 m·
435 4185 469 4250 cs.
485 4183 557 4249 Ver-9.
576 4183 643 4235 Aac.
659 4182 749 4236 Ve70.
766 4182 843 4232 VIII
853 4184 904 4234 113.
926 4180 972 4232 IX
982 4185 1028 4234 781
1114 4177 1149 4231 35
1167 4181 1201 4232 Di

46 4255 102 4322 (sic
114 4255 153 4323 p)
169 4255 199 4305 in
216 4255 263 4304 Dii
280 4269 349 4305 corr.
366 4270 400 4305 m.
415 4261 428 4305 1
447 4252 482 4303 M

145 4390 163 4444 5
187 4392 224 4458 cs.
244 4390 351 4456 Kecptc
364 4395 445 4456 p.61.
550 4386 584 4442 35
608 4389 642 4454 cs.
667 4387 723 4441 uer.
741 4404 799 4440 eun.
812 4386 867 4438 III
876 4392 898 4453 1,
907 4392 939 4439 41
957 4395 986 4440 at
1002 4395 1027 4440 ta
1045 4387 1072 4439 di
1089 4386 1206 4455 perdant·
