2962 5506
541 847 803 904 flnousvrrflnn
821 846 954 904 OPERA.

286 1021 380 1087 Ultra
401 1041 467 1085 non
489 1040 599 1108 parco,
622 1020 681 1085 sed
702 1022 768 1086 vim
790 1022 908 1086 iustam
930 1020 1080 1087 faciendo

285 1107 417 1190 Mando,
440 1107 500 1172 sub
524 1107 684 1172 obscenae
707 1108 840 1173 latebris
863 1115 895 1172 te
919 1106 1064 1173 claudier
1085 1106 1188 1191 aedis,

285 1195 325 1260 In
348 1215 412 1280 qua
435 1194 618 1260 criminibus
641 1200 752 1281 turpes
773 1193 919 1280 goudent
939 1195 1110 1271 mulieree;

284 1281 328 1346 Et
349 1281 466 1346 faciam
488 1281 684 1366 pollutarum
707 1282 828 1346 sociam
848 1283 1065 1364 meretricum,

288 1367 360 1442 Quo
383 1374 429 1450 tu,
453 1386 537 1454 quae
560 1369 647 1433 clara
669 1369 774 1454 polles
796 1368 837 1432 de
860 1368 960 1454 stirpe
983 1375 1104 1450 creata,

287 1453 439 1519 Dedecus
463 1473 557 1518 omne
581 1455 644 1519 tuis
666 1456 709 1519 sis
732 1461 766 1520 et
788 1454 933 1520 confusio
956 1455 1082 1541 turpis?

328 1541 375 1605 At
397 1560 489 1605 sacra
509 1541 611 1625 virgo,
634 1542 728 1605 minis
749 1541 883 1606 nimium
906 1540 1073 1627 trepidans
1095 1560 1195 1628 super
1213 1540 1252 1605 ist

285 1626 453 1691 Audacter
474 1647 553 1691 mox
574 1628 741 1712 praefecto
765 1626 856 1692 dedit
876 1629 940 1692 ista
960 1646 1133 1714 response:

284 1711 332 1778 ‘Si
355 1719 390 1777 tu
412 1734 552 1799 namque
576 1713 673 1778 deum
696 1715 795 1779 scires
817 1714 913 1796 hunc,
937 1734 1034 1799 quem
1058 1714 1143 1793 colo,
1164 1733 1252 1779 verm

283 1799 439 1885 Illiusque
462 1805 661 1886 potestatem
684 1802 753 1865 sine
775 1801 839 1865 fine
863 1801 1039 1885 rigentem,

284 1886 358 1960 Qua
379 1906 449 1951 sem
474 1908 510 1951 er
554 1908 590 1952 ro
614 1887 679 1951 rios
700 1888 754 1974 pie
778 1885 990 1952 confortando
1013 1887 1178 1952 ministros

284 1972 419 2058 Antiqui
443 1908 515 2038 clau
539 1994 574 2038 es
591 1909 698 2038 bostis
721 1974 939 2058 confringeret
961 1993 1086 2055 omnes,

285 2058 378 2123 Talia
400 2060 502 2125 verba
524 2066 580 2124 tuo
603 2060 707 2125 nolles
729 2059 928 2147 profundere
951 2066 1068 2141 rostro,

177 2167 217 2209 sco
283 2143 354 2210 Neo
376 2146 455 2210 mihi
477 2153 618 2212 terrores
640 2149 738 2211 toties
760 2167 964 2233 praeponere
986 2147 1107 2212 tristes.

282 2231 369 2296 Hinc
392 2253 466 2318 ego,
490 2254 573 2318 quoe
597 2233 751 2298 sectando
774 2232 872 2298 fidem
896 2231 1017 2299 Christi
1038 2231 1210 2298 meliorem

280 2318 377 2383 Illum
399 2340 561 2404 cognosco
583 2341 711 2385 necnon
733 2341 911 2406 cognoscor
930 2319 972 2384 ob
994 2320 1062 2400 illo,

284 2405 390 2491 ipsius
413 2406 530 2471 dextra
552 2428 605 2471 me
629 2406 826 2472 defendente
849 2425 991 2492 superne

284 2491 388 2576 Spero
411 2492 521 2559 delicti
542 2514 719 2579 numquam
740 2493 875 2558 maculis
896 2491 1021 2571 violari,

282 2576 397 2643 Carnis
418 2581 587 2666 spurcitias
610 2580 733 2665 fragilis
756 2579 816 2644 sed
836 2581 966 2644 vincere
989 2573 1127 2643 cuntes?

325 2663 386 2728 His
409 2665 502 2731 dictis
524 2687 624 2730 saeva
645 2686 779 2753 praeses
802 2665 993 2731 commotior
1013 2666 1063 2729 ira

282 2748 442 2816 Caelestis
465 2774 616 2838 sponsam
638 2755 726 2839 regis
747 2753 841 2817 iussit
862 2750 1084 2816 venerandam

281 2836 437 2902 Vestibus
460 2846 602 2922 exutam,
626 2846 694 2904 toto
718 2860 847 2925 quoque
869 2858 1005 2923 corpore
1027 2835 1160 2920 nudam,

280 2921 500 2989 Concurrente
522 2926 606 2990 uani
629 2926 851 2991 conventiculo
897 2924 1032 3011 cpulari,

280 3008 385 3095 Inque
407 3011 571 3097 lupanaris
594 3014 722 3097 nigrum
745 3012 859 3077 conclu
883 3013 930 3076 'er
952 3016 1091 3093 antmm,

281 3095 322 3159 In
344 3118 407 3182 quo
430 3099 541 3163 lascivi
561 3100 697 3164 iuvenes
720 3099 853 3163 rationis
877 3099 973 3184 egeni

282 3180 374 3247 Collo
397 3185 451 3248 uio
474 3186 709 3250 scelerosarum
731 3184 876 3271 gaudent
898 3184 1081 3249 mulierum.

280 3267 348 3333 Sed
370 3205 525 3352 dunatus,
547 3274 698 3359 propriae
720 3271 884 3358 praebens
906 3271 1065 3336 solamina
1086 3286 1230 3356 sponsae,

280 3355 375 3420 illam
399 3358 549 3423 conviciis
571 3360 661 3444 tongi
683 3379 747 3423 non
771 3360 907 3423 sustinet
927 3357 1012 3421 ullis.

280 3441 351 3525 Ast,
374 3444 430 3509 ubi
453 3445 605 3510 distracto
627 3444 768 3509 nudatur
789 3445 933 3530 tegmine
956 3449 1038 3523 toto,

281 3526 442 3595 Continuo
464 3531 550 3596 bene
574 3531 700 3596 densati
723 3552 855 3596 crevere
878 3530 996 3617 capilli,

280 3613 353 3698 Qui,
377 3616 475 3682 ductu
497 3619 595 3703 longo
618 3618 703 3704 lapsi
725 3617 766 3682 de
789 3619 910 3682 vertice
933 3634 1070 3696 summo,

279 3700 519 3768 Descendendo
541 3704 662 3789 pedum
685 3705 813 3790 plantas
835 3705 975 3789 tetigere
998 3700 1150 3773 tenellaa;
1189 3783 1197 3798 .

280 3787 405 3874 Corpus
428 3797 461 3854 et
484 3811 580 3855 omne
602 3791 702 3855 comis
725 3792 846 3875 tegitur
868 3810 928 3855 ceu
950 3789 1094 3875 tegmine
1117 3790 1222 3851 vestu.

279 3873 389 3959 thue
411 3878 574 3963 lupanaris
598 3878 735 3942 calcavit
756 3878 867 3941 limine
887 3876 997 3957 trietiq

279 3958 445 4047 Extimplo
469 3965 576 4028 suavis
598 3965 698 4029 sensit
720 3962 890 4029 dulcamen
912 3961 1031 4043 odoris,

280 4045 391 4132 Atque
414 4051 521 4114 locum
544 4057 672 4137 turpem
694 4051 774 4114 miro
797 4048 970 4137 splendore
992 4048 1167 4113 micantem

279 4132 430 4219 Aspexit,
452 4137 595 4201 tenebris
618 4139 672 4223 qui
695 4136 848 4202 sordebat
868 4137 957 4222 prius
980 4134 1068 4199 atris.

277 4218 321 4283 Et
343 4242 416 4285 cum
438 4221 637 4288 sordidulum
660 4224 826 4310 compulsa
848 4223 1008 4287 subintrat
1028 4222 1062 4286 in
1084 4227 1218 4301 numm,

170 4330 208 4371 sss
275 4305 423 4392 Angelus
445 4309 610 4375 altithroni
631 4310 750 4375 blande
773 4311 862 4375 stetit
885 4309 998 4375 obrius
1019 4307 1077 4389 illi,

278 4391 394 4460 Custos
416 4395 568 4461 indubius
590 4398 695 4461 fuerat
718 4398 772 4482 qui
795 4397 938 4483 corporis
961 4396 1040 4477 eius,

273 4605 323 4660 198
341 4610 455 4675 Antique
472 4608 505 4659 M
580 4605 631 4661 205
649 4618 755 4661 cunctas
774 4608 817 4658 M*
898 4604 950 4660 215
967 4608 1079 4660 nudator
1095 4606 1130 4659 M
1168 4608 1252 4673 forti

169 4672 221 4726 219
238 4678 355 4743 tetigitur
374 4678 407 4727 M
420 4680 464 4741 (ec
480 4697 503 4730 c.
517 4681 565 4731 218
582 4681 699 4746 tetigere)
785 4675 837 4730 224
855 4678 1011 4730 sordiculum
1029 4676 1072 4738 113
1091 4677 1126 4744 es.
1145 4675 1240 4728 dias-,9

256 4846 307 4901 192
324 4851 360 4903 ric
376 4852 454 4904 decus
472 4869 547 4906 omno
564 4853 619 4906 Pel.
630 4858 687 4918 167,
704 4854 841 4921 Aprum.
928 4852 980 4907 212
997 4852 1188 4921 euphraimus.
