2910 5024
522 376 786 434 uacusvluflsu
804 378 931 434 OPERA.

263 551 416 635 Magnum
438 569 620 616 maerorem
648 548 770 636 loseph
793 549 971 636 durumque
994 549 1153 639 dolorem,

263 637 395 701 Frustra
416 635 609 702 cordetenus
635 658 698 723 quo
721 640 785 702 iam
809 637 915 702 fuerat
938 639 1107 723 cruciatus,

264 723 379 788 Talem
403 722 478 787 dum
501 724 669 809 gravidam
693 725 847 789 sensisset
867 724 952 788 forte
974 728 1129 811 puellam,

265 809 411 882 Qualiter
434 818 467 874 et
489 812 588 875 tristis
611 812 734 876 solatur
756 819 904 896 tempore
927 813 1040 893 noctis,

262 897 404 981 Virginis
427 898 567 962 intactae
589 899 693 962 iussus
716 919 825 963 curam
847 898 988 961 retinere

264 983 405 1067 Virginis
429 990 462 1047 et
483 986 550 1047 nati
574 985 666 1049 nobis
691 984 732 1049 de
755 982 862 1048 sidere
886 984 988 1048 missi:

265 1071 359 1134 Haec
382 1070 560 1155 evangelici
583 1071 804 1136 demonstrant
827 1078 943 1135 cuncta
965 1069 1077 1152 libelli,
1325 1108 1333 1154 p

264 1156 399 1221 Nostras
423 1163 456 1221 et
480 1157 613 1241 fragiles
637 1157 799 1223 excedunt
822 1156 961 1242 denique
984 1157 1078 1221 viras.

263 1243 324 1307 His
346 1263 405 1307 nos
428 1244 631 1326 transmissis,
655 1251 802 1309 constant
825 1244 900 1328 quia
923 1243 1053 1328 cognita
1076 1244 1208 1327 cunctis,

267 1329 457 1394 Sermonem
480 1331 573 1394 vobis
596 1336 720 1395 tantum
743 1331 898 1395 faciemus
921 1328 963 1393 ab
985 1329 1059 1409 illis,

263 1416 379 1480 Rarius
400 1418 576 1502 intemplo
601 1438 683 1503 quae
707 1416 881 1482 creduntur
902 1417 971 1481 fore
995 1415 1091 1481 dicta.

308 1500 405 1567 Certe
428 1524 501 1568 cum
524 1503 673 1568 stabilem
696 1504 833 1568 volitans
855 1509 1009 1588 urgueret
1030 1503 1064 1568 in
1086 1504 1196 1569 orbern

264 1588 414 1676 Undique
437 1589 600 1654 subiectos
624 1590 761 1655 describi
784 1591 882 1654 iussio
905 1590 1007 1654 lectos

267 1674 414 1741 Caesaris
437 1678 564 1761 augusti
588 1697 785 1762 censumque
808 1676 869 1741 eibi
892 1675 1047 1761 profiteri,

265 1762 384 1850 Ioseph
407 1763 450 1827 ad
472 1765 608 1849 patriam
633 1763 783 1828 Bethlem
806 1769 998 1848 porrexerat
1019 1763 1135 1828 urbem

266 1847 347 1914 Cum
370 1849 565 1935 desponsata
587 1850 717 1914 sibimet
738 1856 941 1936 praegnante
964 1849 1077 1915 Maria.

264 1935 307 1999 Et
330 1958 401 2001 cum
425 1937 555 2001 famosis
578 1943 687 2001 essent
710 1957 812 2022 prope
834 1936 1004 2001 moenibus
1026 1936 1125 2019 urbis,

267 2023 408 2107 Aspexit
430 2044 493 2087 non
517 2025 691 2108 corporeis,
716 2024 774 2088 sed
795 2024 914 2087 mentis
936 2023 1048 2087 ocellis

266 2109 452 2174 Comminus
475 2110 560 2174 alma
583 2109 663 2174 duos
685 2110 873 2195 virguncula
896 2117 981 2173 staro
1004 2111 1163 2195 popellos,

265 2195 371 2260 Unum
394 2196 553 2261 ridentem
575 2217 701 2261 necnon
724 2198 822 2261 alium
844 2197 1076 2261 lacrimantem.

269 2281 364 2355 Quod
386 2283 506 2368 ioseph
527 2284 637 2348 vetulo
660 2304 803 2359 narrans,
826 2282 949 2347 audivit
970 2282 1013 2347 ab
1034 2283 1105 2348 illo:

263 2368 411 2434 ‘Contine
435 2370 578 2434 subiecto
601 2377 726 2435 tantum
749 2379 782 2435 te
804 2371 866 2435 rite
888 2371 1042 2447 iumento,

266 2456 308 2520 Et
330 2458 406 2538 noli,
429 2477 539 2544 posco,
562 2478 693 2521 narrare
716 2459 878 2543 superflua
900 2455 1023 2521 verba'

306 2543 455 2623 Dixerat,
479 2550 513 2608 et
534 2545 683 2608 iuvenem
707 2565 815 2608 coram
837 2544 1007 2629 prospexit
1029 2543 1175 2611 herilem.

267 2629 329 2704 Qui
352 2631 412 2695 sibi
435 2633 623 2715 mysterium
646 2630 823 2695 declaravit
845 2632 1048 2716 populorum,

266 2717 358 2782 Talia
380 2725 507 2782 sacrata
530 2717 639 2782 dicens
661 2739 720 2803 pro
743 2719 867 2803 virgine
890 2715 1005 2781 verba:

265 2803 342 2869 ‘Cur
364 2804 443 2869 dicis
465 2804 602 2868 Mariam
625 2825 689 2868 non
711 2805 845 2869 verbula
867 2824 945 2867 vera
967 2804 1119 2884 locutam,

266 2891 465 2976 Indignatus,
489 2912 561 2955 eam
584 2897 743 2955 secretum
766 2911 899 2956 cernere
922 2890 1047 2954 solam?

264 2979 349 3043 Nam
371 2979 502 3043 flentem
525 2978 680 3063 populum
702 2979 819 3042 merito
841 2976 921 3041 vidit
944 2974 1129 3057 Iudeorum,

268 3064 330 3138 Qui
352 3086 431 3130 mox
454 3086 473 3128 a
496 3063 626 3129 domino
650 3063 796 3129 discedet
819 3063 916 3129 corde
939 3063 1092 3147 maligno,

269 3153 390 3217 Contra
412 3153 567 3238 gentilem
591 3150 650 3216 sed
673 3152 796 3216 laetitia
818 3152 1007 3229 fluitantem,
1288 3143 1333 3209 [⁰

265 3239 318 3304 Ad
340 3238 417 3304 fidei
438 3259 589 3324 magnum
614 3240 689 3324 quia
711 3239 880 3323 perveniet
901 3235 1162 3302 sacramentum’
1238 3237 1241 3243 '

307 3325 369 3389 His
393 3325 485 3390 dictis
507 3325 643 3390 Mariam
665 3324 785 3389 blande
809 3344 983 3390 conversus
1005 3321 1048 3386 ad
1070 3323 1199 3399 almam,

264 3412 408 3497 Tempus
430 3411 546 3476 adesse
570 3412 631 3476 sibi
654 3410 818 3476 Christum
839 3417 949 3476 narrat
970 3407 1127 3495 pariendi.

268 3498 360 3573 Quae
383 3498 425 3563 da
447 3499 592 3564 subiecto
614 3496 785 3563 descendit
806 3499 894 3562 iussa
915 3498 1070 3576 iumento,

266 3586 393 3650 Intrans
416 3607 431 3650 s
457 3587 602 3650 elunoam
625 3585 685 3650 sub
708 3591 795 3650 terra
817 3586 879 3649 rita
900 3584 1051 3664 locatam,

267 3672 360 3747 Quae
381 3606 467 3737 made
490 3673 669 3759 praesentis
691 3673 821 3756 ponitus
843 3669 904 3734 fuit
925 3669 1025 3734 inscia
1045 3668 1126 3733 lucis

265 3758 309 3824 Et
331 3779 427 3845 quam
453 3760 625 3824 continuae
648 3779 778 3845 semper
800 3765 934 3822 tenuere
958 3755 1125 3821 tenebrae.

159 3871 198 3910 aro
267 3845 334 3911 Sed
356 3866 443 3927 mox,
465 3851 502 3910 ut
523 3846 629 3911 lucem
652 3845 802 3930 genetrix
824 3844 968 3930 paritura
990 3859 1168 3929 perennem

244 4017 423 4074 dddsansisse
440 4019 482 4071 Μ’
570 4018 726 4073 ὁὸὃοοηω
745 4018 788 4070 Μ1
875 4014 1035 4085 ddlsydars
1054 4012 1293 4076 Primam

158 4087 210 4141 542
227 4091 322 4142 Karina
340 4090 382 4140 M:
400 4107 467 4144 corr.
484 4089 592 4141 Borcck

244 4243 295 4297 541
320 4245 405 4296 vobis:
428 4247 462 4311 cf.
482 4259 595 4310 procem
677 4238 729 4292 54³
751 4241 785 4305 cs.
811 4238 866 4290 Pol.
880 4241 939 4289 224.
1021 4233 1073 4289 563
1095 4232 1132 4300 cs.
1155 4233 1227 4286 Me.
1239 4236 1297 4286 ω.

158 4311 210 4367 568
232 4315 385 4382 praeuntis:
407 4330 460 4379 quc
480 4322 534 4364 mm
552 4312 665 4379 perfuso
686 4318 733 4369 est,-
758 4306 962 4362 Pauraaars
982 4307 1010 4358 iu
1033 4322 1086 4373 qua
1107 4305 1155 4357 lux
1172 4320 1225 4356 nou
1243 4303 1298 4355 tuit

158 4400 290 4450 umquam,
307 4384 351 4436 sod
369 4399 468 4450 semper
484 4381 614 4447 tenebrae,
633 4380 696 4445 quia
712 4378 801 4431 lumen
819 4377 869 4428 disi
887 4377 992 4444 panias·
1008 4391 1060 4427 nou
1078 4373 1201 4426 habcbu
