2910 5024
619 367 880 422 fluousvlrulu
899 367 1027 424 OPERA.

363 541 461 607 Certe
484 542 612 605 victoris
636 563 708 607 cum
730 544 795 607 iam
818 542 994 608 laetissima
1016 544 1109 609 testis

404 628 555 692 Pulsaret
578 630 655 692 celsi
677 629 784 694 sidera
807 630 893 693 fama
915 629 992 714 poli,

361 714 460 779 Totos
483 722 517 778 et
539 715 663 779 stabilis
684 716 765 781 fines
786 722 992 800 percurreret
1014 716 1111 792 orbis,

401 801 581 887 Divulgans
604 809 713 866 tantae
737 803 857 887 gaudia
879 802 1045 886 gloriolae,

361 886 516 953 Gaudens
539 887 675 952 devotus
698 888 828 974 quidam
852 888 1003 953 currebat
1023 888 1187 954 homullus

403 972 432 1037 Ε
454 974 550 1039 busto
574 976 673 1060 signis
695 976 875 1061 composito
897 975 1005 1056 variis,

364 1058 487 1125 Obvius
510 1068 608 1147 atque
631 1063 727 1147 lupae
751 1063 854 1127 lactus
877 1082 974 1146 supra
996 1065 1198 1125 memoratae

404 1145 563 1227 Substitit,
586 1149 730 1212 attonitis
753 1150 911 1233 aspiciens
935 1148 1045 1228 oculis,

359 1230 454 1297 Hanc
478 1254 606 1319 quoque
630 1256 687 1320 pro
711 1237 834 1299 meritis
858 1234 950 1298 dictis
973 1234 1091 1298 affatur
1113 1232 1243 1299 amaris.

405 1318 618 1384 Conlormans
641 1322 741 1405 ligula
764 1322 841 1386 talia
862 1321 965 1385 verba
988 1340 1061 1384 sua:
1400 1332 1446 1395 [οι

359 1402 400 1470 ‘0
422 1407 516 1470 nimis
539 1408 652 1471 infelix
673 1409 809 1472 flammis
833 1406 996 1472 credenda
1018 1405 1185 1484 meretrix,

405 1491 518 1556 Iamne
540 1495 632 1578 piget
654 1493 784 1572 fraudis,
807 1495 954 1580 poenitet
976 1499 1032 1557 aut
1053 1491 1195 1570 sceleris,

361 1579 401 1642 In
423 1587 567 1643 sanctum
591 1578 711 1644 domini
733 1601 798 1644 non
821 1583 905 1645 iusta
927 1586 1037 1644 menta
1059 1578 1189 1665 patrati,

406 1664 483 1730 Solo
506 1667 617 1730 lascivi
640 1668 771 1731 consilio
796 1669 895 1733 socii?

359 1751 444 1816 Nam
467 1753 649 1817 miserando
673 1755 718 1817 tui
742 1753 849 1839 pando
873 1752 1089 1817 medicamina
1111 1750 1181 1814 sani

406 1837 435 1903 0
460 1840 538 1903 tima
560 1840 683 1904 consilii
705 1861 783 1904 mox
806 1839 964 1927 capienda
986 1838 1055 1921 tibi,

365 1860 523 2006 Suaslens,
547 1932 583 1989 ut
605 1948 730 1990 sacrum
754 1948 892 2012 quaeras
914 1923 1091 1990 maerendo
1114 1920 1338 2007 sepulchrum,

403 2011 584 2097 Abstergas
607 2013 685 2076 farsis
708 2021 741 2077 et
763 2014 905 2078 maculas
928 2012 1077 2087 lacrimis,

359 2096 430 2161 Illic
454 2099 611 2162 exanimis
634 2106 744 2163 sancte
769 2101 843 2186 quia
867 2098 997 2164 condita
1019 2098 1111 2161 testis

402 2184 616 2268 Praefnlgent
638 2187 736 2271 signis
759 2186 918 2271 fragmina
940 2205 1004 2249 non
1027 2183 1181 2253 minimis:

360 2269 412 2351 llt,
435 2272 512 2335 licet
534 2271 709 2356 indignam,
733 2294 828 2357 spero
852 2279 885 2337 te
908 2292 1004 2358 posse
1026 2270 1197 2351 misellam,

406 2357 440 2421 Si
464 2357 564 2422 defles
587 2360 725 2444 culpam,
749 2361 941 2444 consequier
962 2356 1115 2422 veniam?

362 2511 528 2577 Pestiferis
551 2513 609 2577 sed
632 2534 723 2577 mens
745 2514 829 2578 vitiis
853 2516 937 2578 male
962 2512 1072 2578 dedita
1095 2516 1182 2596 totis,

402 2599 455 2663 Ad
478 2601 564 2663 vitae
587 2608 709 2664 rectam
732 2602 860 2665 rennuit
880 2603 927 2665 ire
950 2602 1046 2678 viam,

361 2684 501 2770 Solaque
524 2707 608 2750 nunc
630 2687 737 2751 laetae
761 2708 832 2752 com
857 2689 981 2751 lactens
1004 2687 1128 2751 lubrica
1150 2687 1237 2751 vitae

405 2771 479 2836 Non
502 2783 592 2836 curat
614 2775 739 2858 patriae
762 2709 881 2859 gauslia
904 2780 1093 2859 perpetuae.

362 2859 415 2925 Sic
437 2859 520 2923 haec
542 2859 664 2941 infelix,
688 2862 849 2924 commissi
872 2861 1011 2925 criminis
1034 2860 1171 2938 auctrix,

404 2944 543 3009 Fastidit
566 2946 673 3010 verbis
696 2946 830 3011 credere
853 2948 1006 3032 pacificis,

362 3034 405 3099 Se
429 3034 502 3117 quia
526 3033 680 3097 credebat
703 3035 807 3097 causis
830 3039 932 3097 totam
951 3034 1114 3184 perituris,

401 3120 471 3184 Nec
494 3139 585 3203 spem
609 3121 765 3184 mansuris
788 3121 886 3205 gestit
907 3121 949 3183 ha
975 3140 1029 3184 ere
1051 3119 1155 3183 bonis.

360 3275 489 3339 Scilicet
512 3272 629 3337 auditis
650 3273 758 3337 verbis
781 3293 844 3336 non
868 3274 950 3337 falsa
973 3273 1144 3358 loquentis,

404 3361 597 3446 Intorquens
621 3360 731 3424 oculos
755 3359 892 3423 subdola
914 3359 1117 3444 sanguineos,

362 3446 517 3531 Exagitet
540 3454 637 3530 caput
658 3445 847 3510 indomitum
869 3447 902 3509 in
926 3448 1065 3510 clienter
1087 3445 1120 3509 in
1141 3445 1231 3509 illum

403 3531 447 3596 llt
468 3533 566 3595 latrat
588 3539 692 3596 rostro
715 3533 793 3597 talia
815 3467 985 3618 pestilero:

360 3617 437 3683 ‘Gur
460 3619 600 3704 loqueris
621 3619 750 3701 frustra,
773 3619 926 3683 simulans
948 3619 1103 3683 miracula
1125 3623 1216 3681 tanta

404 3704 526 3770 Sedulo
550 3704 699 3789 Gongolfi
723 3727 781 3790 pro
805 3708 926 3770 meritis
948 3705 1039 3769 fieri?

1394 3550 1439 3615 sol

336 3914 387 3967 543
409 3917 527 3968 Onimis
541 3916 588 3982 p²r
611 3918 700 3968 Omnis
719 3916 792 3982 Mp¹,·
817 3920 851 3983 cs.
874 3916 986 3967 Barea
1004 3924 1029 3966 et
1042 3915 1181 3980 primore
1197 3911 1322 3977 (florina,
1340 3912 1391 3964 m.

251 3985 289 4037 M.
308 3984 423 4036 XLVII
439 3987 500 4051 464)
588 3983 639 4037 544
656 3987 721 4037 haut
738 3986 772 4036 Μ
856 3985 907 4038 548
932 4003 987 4037 mor
1010 3985 1051 4034 Ml
1140 3980 1193 4036 549
1213 3983 1339 4034 merenda
1360 3981 1393 4033 Ι

250 4053 424 4190 {afSssincsdatlea
424 4053 522 4175 3010οη
541 4056 574 4120 cs.
597 4054 677 4122 0009.
692 4061 784 4121 41100.
867 4055 916 4106 561
936 4056 986 4107 Sed
1004 4054 1037 4104 M
1112 4051 1166 4106 565
1183 4052 1215 4104 de
1232 4051 1391 4119 symbola

336 4290 388 4344 535
405 4295 440 4359 ef.
459 4294 521 4344 odo.
539 4293 576 4344 od
594 4294 676 4360 Oorrq.
688 4297 747 4346 304.
818 4291 869 4345 536
881 4295 917 4361 cs.
932 4294 1061 4359 Gonqffl.
1130 4288 1388 4357 5400111100.θῆ

251 4360 301 4416 541
320 4364 355 4428 cs.
374 4362 437 4414 oon.
456 4363 493 4414 od
511 4362 581 4413 Mar.
597 4367 637 4415 90.
724 4360 775 4415 567
794 4364 829 4429 cs.
848 4362 904 4415 Pel.
915 4365 967 4416 370
975 4379 1021 4428 oq,
1039 4362 1108 4429 Apu
1119 4364 1177 4413 404.
