2910 5024
296 335 379 390 1112.
394 333 548 404 prirnordia
564 335 681 389 coenobii
700 334 948 389 Goadcsbcmcnais.
1141 339 1194 392 239

165 507 257 581 Quae
282 528 354 572 cum
379 506 533 587 tardaret,
557 509 620 572 cito
643 529 703 572 nec
726 508 904 594 procedere
929 510 1037 589 vellet,

165 592 259 667 Quod
283 594 371 679 prius
394 593 551 674 audierat,
575 614 686 657 vemm
710 596 779 659 iore
803 594 898 658 valde
923 597 1074 671 timebam

164 680 395 766 Iupatiensque
418 701 529 744 morae
554 679 705 743 domnam
722 681 878 830 precibus
902 683 1009 766 placat
1033 682 1150 764 Odam,

164 766 278 830 Donec
301 767 372 851 ipsc
395 787 485 830 suam
508 768 599 830 iussit
622 787 719 852 proce
745 787 800 830 cre
822 774 943 847 natam,
1138 787 1196 838 (cro)

164 853 320 916 Ornatam
343 852 476 938 pulchre
501 853 587 917 cultu
610 855 709 916 vestis
732 854 895 938 pretiosae

163 938 298 1002 Necnon
345 941 492 1002 emmatis
515 959 704 1023 sponsamm
728 960 817 1002 more
840 941 990 1004 metallis.

165 1027 224 1088 Ast
247 1025 303 1088 ubi
320 959 512 1089 llemradus
536 1024 627 1105 vidit,
651 1047 747 1111 quam
772 1025 979 1104 desideravit,

164 1110 224 1174 His
247 1111 353 1174 verbis
376 1132 483 1175 caram
506 1113 631 1175 causari
653 1113 755 1176 fertur
777 1113 930 1175 amicam:

164 1196 246 1260 ‘Non
269 1218 342 1260 raro
366 1197 472 1278 didici,
496 1198 583 1261 fama
607 1198 764 1283 prodente
788 1199 925 1278 sinistra,
1138 1216 1195 1266 (ars)

165 1282 260 1356 Quod
283 1291 318 1346 tu
340 1284 451 1347 nitaris
473 1292 617 1347 nostrum
642 1284 841 1369 disrumpere
864 1290 994 1370 pactum

164 1369 205 1432 Et
227 1368 303 1432 fidei
327 1369 444 1433 foedus
466 1370 660 1434 servandum
683 1372 811 1434 solvere
835 1391 975 1456 prorsus.

165 1457 209 1518 At
231 1476 315 1519 nunc
338 1456 380 1519 ad
402 1457 524 1521 bellum
548 1458 641 1521 citius
664 1478 840 1542 properare
864 1458 1005 1521 futurum

167 1542 346 1627 Praecepto
369 1543 456 1627 regis
479 1563 588 1625 cogor,
611 1545 712 1607 nostri
734 1545 884 1618 senioris;

166 1627 250 1691 Hinc
272 1634 402 1713 tempus
426 1628 535 1713 quidni
558 1650 622 1692 non
645 1636 695 1692 est
718 1630 779 1693 hoc
802 1628 1003 1694 discutiendi.
1141 1647 1196 1693 isso)

169 1713 201 1777 Si
224 1712 359 1778 redeam
383 1723 470 1778 certe
493 1735 616 1800 sospes,
640 1716 813 1778 comitante
837 1716 950 1794 salute,

167 1799 253 1863 Scito
277 1799 521 1885 proculdubio,
545 1800 632 1885 quod
655 1808 687 1863 te
712 1801 859 1864 mihimet
882 1800 1012 1864 sociabo

170 1886 278 1970 Atque
303 1887 349 1949 tui
371 1894 482 1950 votum
506 1888 634 1973 penitus
656 1886 875 1971 pessumdabo
898 1886 1039 1951 uanum.³

169 1971 317 2053 Dixerat,
342 1979 375 2035 et
397 1972 524 2054 dextra,
548 1980 713 2059 permotus
737 1979 856 2054 mente,
880 1974 988 2036 levata

167 2057 255 2122 Iurat
278 2079 337 2143 per
359 2058 512 2142 gladium,
536 2081 595 2144 per
618 2058 824 2122 candidulum
847 2079 975 2144 quoque
999 2059 1127 2138 collum,
1139 2075 1196 2126 (nso

168 2143 262 2207 quta
285 2164 380 2228 posse
404 2146 452 2208 sui
475 2146 568 2208 factis
591 2146 758 2230 praedicta
780 2146 910 2231 repleri.

169 2229 384 2316 Respondcns
408 2252 486 2315 ergo
510 2231 660 2315 Gerberg
682 2233 728 2294 ait
751 2252 806 2295 ore
830 2230 995 2295 modesto:

168 2315 307 2380 ‘Christo
331 2337 382 2379 me
406 2323 508 2381 totam
532 2319 708 2398 committo,
731 2338 838 2380 meam
861 2339 989 2402 quoque
1014 2318 1122 2396 vitam,

170 2401 277 2487 thue
300 2402 357 2465 fiat
380 2402 420 2466 do
445 2424 497 2467 me
521 2404 613 2467 iuxta
635 2403 755 2467 domini
780 2425 859 2487 rogo
883 2405 989 2471 velle.3

169 2487 228 2552 His
250 2489 297 2551 ita
320 2489 488 2574 colloquiis
510 2496 621 2554 mutuo
645 2510 794 2553 sermono
818 2492 968 2574 peractis,
1140 2506 1196 2553 (uso)

170 2572 317 2638 chrad
340 2595 416 2639 mox
439 2576 527 2649 abiit,
552 2597 693 2660 casuque
717 2596 775 2639 suo
801 2578 863 2640 cito
887 2579 996 2653 sensit,

170 2658 221 2723 Nil
246 2667 357 2724 contra
380 2660 544 2725 dominum
569 2683 803 2747 quemcumque
829 2663 937 2727 valere
961 2665 1146 2750 superbum,

169 2744 220 2827 Et,
245 2748 318 2830 quia
339 2748 412 2833 plus
435 2749 519 2811 iusto
544 2747 679 2833 deliquit
700 2749 808 2812 inania
831 2749 939 2828 lando,

170 2830 300 2896 Decidit
321 2834 353 2896 in
374 2834 474 2910 bello,
497 2835 599 2897 victus
622 2835 738 2898 virtute
762 2856 915 2921 superna;

169 2919 217 2982 Ao
240 2917 359 2982 Christi
382 2921 472 3005 virgo
496 2921 606 3006 sponsi
628 2922 777 2984 caelestis
800 2923 902 2984 amori
1139 2937 1197 2986 (sss)

172 3003 212 3066 Se
237 3024 315 3067 mox
338 3007 511 3083 coniunxit,
536 3027 631 3091 quem
656 3014 743 3070 caste
767 3027 897 3091 semper
919 3007 1049 3070 amavit.

212 3089 310 3154 Cuius
332 3093 488 3176 primatus
512 3098 616 3168 sexto,
640 3093 672 3156 ni
695 3093 799 3169 fallor,
823 3094 855 3155 in
877 3113 960 3156 anno

172 3174 258 3239 Brun
283 3175 359 3258 dux,
384 3180 553 3242 ecclesiam
577 3184 745 3263 promptus
769 3178 946 3243 defendere
970 3185 1113 3243 sanctam

170 3260 302 3325 Incursu
326 3263 366 3326 de
390 3284 560 3327 saevomm
584 3265 661 3327 satis
684 3263 910 3348 Ungariorum,

169 3346 246 3428 (Pro
269 3347 372 3427 dolor)
398 3371 440 3412 ex
462 3351 540 3436 ipsis
563 3350 684 3415 domini
705 3353 812 3435 pravis
834 3352 969 3415 inimicis
1139 3368 1197 3419 (rio)

172 3432 345 3514 Occiditur,
369 3436 451 3500 binis
475 3457 547 3500 cum
568 3437 771 3521 praesulibus
794 3437 987 3500 venerandis

149 3602 195 3656 331
223 3608 366 3660 turdaratl
463 3608 515 3660 333
541 3611 672 3660 dominam
690 3611 718 3660 hl
826 3608 878 3662 339
905 3612 1026 3677 prodente
1043 3612 1079 3662 ric
1097 3609 1134 3662 tlt
1151 3611 1198 3678 (cf.

119 3669 151 3736 ll,
168 3675 249 3742 θοῆς.
262 3680 320 3737 304,
339 3678 406 3742 Apu.
420 3680 477 3742 118)
564 3677 659 3729 arua
678 3679 706 3728 hl
758 3680 872 3730 nituusl
954 3678 1005 3731 344
1022 3681 1092 3746 quod
1110 3683 1137 3731 ni
1156 3680 1199 3731 bl:

119 3770 134 3786 -
152 3741 262 3796 Bartsch
284 3746 331 3810 (cf.
350 3746 490 3810 Manui),
514 3765 565 3799 asc.
579 3752 621 3810 20,
642 3752 773 3813 pesam.
792 3749 853 3813 334)
939 3747 990 3799 358
1012 3751 1074 3816 fort.
1097 3749 1199 3801 Occidit

119 3820 163 3862 Oro
178 3815 203 3864 D
225 3815 325 3865 unciali
346 3816 446 3881 habitu)
537 3815 589 3868 365
612 3818 771 3882 praesidibus
789 3817 828 3866 bl:
852 3818 953 3868 corr-cori
974 3817 1037 3868 dira.
1054 3821 1139 3882 p.38,·
1166 3819 1198 3869 de

119 3879 222 3934 dorico
245 3885 363 3949 cyriacopo
385 3885 519 3936 Mindenai
540 3895 563 3936 ct
580 3886 752 3936 Mcrlcwardc
775 3888 891 3951 episcope
915 3886 1121 3938 ffildestemmsi
1141 3904 1198 3937 cum

119 3962 184 4003 none
206 3954 295 4003 occisis
317 3957 351 4020 cf.
370 3954 532 4015 Ducmmler,
561 3955 650 4006 Oescli.
670 3955 714 4005 des
733 3956 860 4022 ostsrdnb.
878 3955 1069 4007 haeream
1082 3973 1111 4021 p.
1126 3956 1197 4007 136¹.

148 4103 197 4157 345
215 4109 249 4174 cs.
267 4116 328 4173 qest
343 4113 408 4158 1176.
479 4106 531 4158 349
550 4125 594 4174 per
607 4109 774 4159 candidulum
792 4109 887 4159 collum
902 4105 947 4172 (cs.
966 4109 1038 4175 Verq.
1054 4126 1140 4176 peorq.
1154 4109 1204 4158 IV

119 4173 203 4225 *laeso
214 4176 271 4242 (ide
281 4177 373 4240 plodio
381 4178 544 4243 plectendum
559 4178 604 4243 (cf.
622 4177 647 4227 J.
661 4178 769 4239 Orirsm,
787 4177 906 4228 &salacho
918 4177 1198 4230 Rechuolterthdmer¹

119 4243 187 4310 disq.
275 4244 327 4296 352
345 4249 379 4311 cs.
396 4247 526 4310 prinam.
619 4244 670 4297 354
689 4248 724 4312 os.
743 4246 874 4297 Maroae
962 4246 1012 4299 361
1032 4251 1067 4315 cf.
1083 4253 1197 4314 pedm.

134 4311 317 4379 Unguriorum:
336 4316 411 4366 immo
431 4315 660 4366 h‘orirnaonorum.
