2910 5024
322 353 363 406 111
381 353 407 407 2.
421 351 573 421 marradio
589 353 706 408 mooli
724 352 965 410 nasammonas.
1155 359 1208 413 245

182 526 305 591 Omnes
328 524 496 590 inmodicis
517 526 639 611 pariter
659 526 780 591 flevere
802 528 961 594 lamentis.

181 610 249 677 Sed
271 612 391 676 luctum
412 631 593 698 procerum,
616 613 705 697 vulgi
727 615 912 699 pariterque
935 615 1122 698 lamentum,

182 699 271 762 Vicit
293 717 470 762 nonnarum
492 698 677 763 miseranda
699 701 833 784 querela
855 720 1000 774 suarum;

182 783 287 865 Quae,
311 804 368 869 pro
391 783 522 849 delectu
544 786 661 849 mentis
683 786 777 849 solito
800 786 966 851 muliebris
1151 804 1209 856 (sao)

183 871 305 935 Vivere
330 877 520 957 spernentes
543 872 700 956 citiusque
723 873 803 936 mori
826 874 1002 958 cupientes,

183 957 222 1022 In
244 956 443 1022 lacrimando
465 956 598 1022 modum
621 957 792 1022 voluerrmt
813 978 934 1044 ponere
956 959 1090 1023 nullum.

180 1043 267 1108 Hinc
290 1044 392 1129 patris
415 1043 560 1108 eiusdem
584 1044 649 1108 cari
672 1043 845 1130 domnique
871 1045 1004 1129 benigni

181 1127 308 1214 Corpus
331 1150 390 1216 per
411 1130 552 1194 triduum
574 1129 810 1195 conservabant
830 1131 1040 1212 inhumatum,

182 1213 252 1279 Oen
275 1235 348 1280 sese
371 1216 509 1280 lacrimis
531 1224 701 1302 sperarent
723 1236 818 1301 posse
840 1218 956 1282 retusis
1152 1232 1210 1284 (⁵³⁵)

183 1301 328 1366 Extincti
349 1302 459 1366 flatum
482 1303 574 1367 citius
596 1322 750 1368 revocare
773 1302 950 1368 reductum.

183 1387 333 1452 Tandem
355 1389 523 1452 concilium
546 1390 674 1474 sapiens
696 1390 774 1453 satis
797 1389 1028 1455 advenientum

183 1472 382 1554 Decemens,
405 1495 508 1539 vanae
531 1477 602 1561 spei
624 1474 746 1540 debere
768 1477 872 1557 reniti,

185 1558 283 1624 Ocius
306 1561 339 1624 iu
361 1562 484 1625 tumulo
506 1581 571 1625 non
593 1561 715 1646 absque
739 1561 852 1627 dolore
874 1568 999 1648 parato,

186 1645 251 1710 Sed
274 1646 362 1710 luctu
384 1647 482 1711 nimio
505 1648 766 1712 circumstantum
789 1647 985 1729 madefacto,
1153 1663 1212 1714 (seo)

186 1731 335 1796 Membra
358 1731 447 1797 ducis
470 1735 550 1797 tanti
573 1733 670 1819 digne
693 1734 852 1799 servanda
874 1735 974 1799 locari

183 1817 277 1882 Fecit
299 1819 332 1881 in
355 1820 512 1884 ecclesiae
535 1820 653 1903 medio,
676 1841 772 1905 quam
795 1826 957 1885 struxerat
979 1819 1059 1904 ipse.

186 1903 256 1968 Illic
278 1912 457 1970 nostrarum
479 1905 585 1971 studio
608 1912 752 1971 certante
774 1927 918 1971 sororum

185 1990 354 2055 Continuis
376 1992 527 2078 precibus
550 1992 686 2057 dilectus
708 1994 839 2080 spiritus
862 1994 930 2057 eius

185 2075 324 2163 Semper
346 2077 530 2143 celsithroni
553 2078 797 2143 commendatur
816 2080 942 2166 pietati,
1155 2091 1213 2144 (aas)

185 2161 258 2236 Quo
282 2163 338 2227 det
361 2165 392 2228 ei
414 2167 559 2249 requiem
583 2167 724 2231 clemens
745 2167 814 2230 sine
836 2166 899 2231 fine
922 2184 1108 2251 perennem.

230 2248 361 2314 Scilicet
383 2257 458 2315 ante
482 2251 552 2315 dies
575 2258 659 2330 octo,
682 2251 819 2316 totidem
842 2271 970 2353 quoque
992 2257 1116 2332 noctes,

187 2335 292 2409 Quam
317 2336 407 2401 ducis
430 2358 562 2401 occasus
584 2338 775 2403 miserabilis
797 2337 914 2403 accidit
935 2338 1038 2417 huius,

186 2421 202 2485 I
227 2422 292 2486 sius
314 2429 402 2502 nato,
424 2424 495 2507 regi
539 2424 711 2509 nandoque
734 2425 852 2502 futuro,

217 2509 335 2572 ascitur
358 2508 500 2572 Heurico
518 2445 665 2573 damasus
687 2510 770 2572 filins
793 2507 898 2589 Oddo,
1153 2523 1211 2576 (sto)

185 2592 249 2666 Qui
270 2594 331 2657 furit
353 2594 476 2658 clectus
498 2596 584 2679 regis
606 2596 729 2680 pietate
752 2596 903 2680 perennis

190 2678 317 2744 Primus
341 2679 506 2744 Saxonum
529 2701 588 2744 rex
610 2688 684 2767 post
706 2688 833 2766 patrem
855 2688 1067 2762 strenuorum,

189 2766 356 2850 Augustus
378 2766 598 2831 Romanorum
620 2768 805 2852 pariterque
829 2773 1007 2853 potentum.

232 2851 397 2917 Mensibus
420 2853 493 2917 hinc
516 2854 601 2917 senis
624 2874 717 2917 cursu
739 2854 895 2917 volitante
917 2852 1068 2938 peractis,

184 2937 272 3001 Dum
297 2937 395 3003 decus
416 2939 478 3003 hoc
502 2940 583 3002 tanti
605 2941 725 3004 clarum
749 2941 877 3024 generis
899 2939 960 3003 fuit
982 2944 1097 3018 ortum,
1157 2954 1215 3004 (ers)

184 3024 222 3088 In
246 3045 309 3109 quo
333 3025 420 3089 laeta
444 3026 556 3112 procul
580 3025 676 3090 dubio
701 3027 860 3111 promissa
881 3025 1008 3110 replete

186 3109 305 3175 Christi
327 3112 489 3197 baptistae
513 3112 686 3177 creduntur
706 3112 854 3198 primitus
877 3131 960 3191 esse,

186 3196 283 3261 Istius
307 3199 446 3283 exiguae
471 3219 554 3284 quae
577 3219 655 3263 mox
677 3199 709 3262 in
731 3199 852 3263 vertice
874 3196 987 3262 Musae

186 3283 302 3348 Aedae
325 3305 465 3369 namque
488 3305 566 3348 suae
589 3286 721 3350 memini
744 3285 813 3348 fore
836 3283 923 3348 dicta
944 3281 1082 3385 parenti,

187 3368 260 3433 Oda
283 3370 378 3434 nimis
400 3371 490 3452 felix,
513 3372 613 3435 nostri
635 3392 710 3456 spes
734 3378 767 3434 et
790 3370 993 3448 dominatrix,
1156 3382 1215 3434 (ιω)

187 3453 269 3520 Cum
292 3455 401 3521 decies
424 3457 525 3521 denos
548 3463 674 3543 septem
697 3477 825 3542 quoque
848 3458 975 3522 vixerat
995 3474 1107 3535 anuos,

186 3541 295 3606 Vitam
319 3543 382 3607 fine
406 3543 491 3608 bono
515 3564 737 3607 consummans
760 3543 875 3607 transit
897 3542 939 3606 ad
961 3549 1058 3623 astra,

189 3627 377 3715 Expectans
400 3650 458 3716 spe
481 3630 568 3694 felici
590 3636 718 3716 tempus
740 3628 898 3693 redeundi

163 3817 216 3870 544
234 3820 330 3871 mefitis
348 3820 377 3870 hl
463 3817 514 3870 547
532 3820 679 3886 dominique
697 3820 736 3871 bl:
757 3820 859 3871 aeneai
947 3817 997 3870 551
1020 3817 1157 3871 consilium
1174 3817 1215 3869 tl:

121 3889 180 3940 mi
278 3887 330 3941 552
356 3890 443 3939 variae
465 3889 493 3939 bl
591 3887 643 3940 554
663 3889 885 3942 circumstantium
903 3888 945 3939 tt:
970 3904 1038 3939 corr.
1059 3885 1215 3952 Hermam

121 3956 225 4021 >Quod
245 3967 270 4009 et
291 3958 335 4009 bal
412 3955 464 4009 569
486 3958 598 4008 hortanti
621 3958 649 4008 bl
730 3955 782 4011 573
802 3959 871 4009 Adae
892 3958 921 4009 bl
1006 3951 1058 4009 575
1080 3955 1165 4019 Quum
1187 3956 1216 4006 bl

121 4023 306 4078 {consumens
325 4026 364 4076 lrl:
383 4044 451 4077 corr.
469 4025 544 4078 Perta

166 4194 217 4250 561
228 4214 281 4263 sqq.
303 4197 359 4249 Otto
373 4197 396 4249 I.
415 4206 491 4248 notras
510 4200 550 4249 23.
560 4215 617 4249 noa
629 4202 676 4251 912
695 4200 740 4263 (ss.
754 4196 1031 4264 nospes-Dammae,
1048 4194 1145 4247 Kaisar
1160 4195 1216 4248 Otto

121 4266 252 4386 ffiqrre,
266 4283 294 4331 p.
308 4265 360 4327 6³).
466 4263 577 4332 bdssrqq.
596 4268 631 4333 cf.
650 4265 918 4334 Koepke-Duemmler
930 4281 961 4331 p.
975 4270 991 4316 7
996 4265 1015 4317 ¹.
1112 4262 1163 4317 573
1181 4268 1216 4332 cs.
