2910 5024
511 334 580 390 116.
599 332 744 402 Supinum.
1144 335 1192 391 191

12 510 34 568 0
148 507 320 573 Annianus.
364 506 403 571 In
425 507 611 572 oratioulem
633 508 802 572 substratis
824 507 953 592 ignibus
972 508 1112 574 assanda
1133 531 1193 595 po·

56 600 165 670 natur,
186 596 191 676 1
211 614 274 679 quo
297 594 328 657 vi
350 595 480 743 vaporis
503 600 663 658 enecetur.
685 597 690 674 Ι

147 680 339 745 Asrroouus.
417 680 493 764 igne
520 686 586 761 est,
617 686 653 743 ut
679 679 905 744 miserabiliter
932 687 1056 768 pereat,
1080 682 1086 766 1
1110 703 1193 768 quae

59 775 137 832 tuae
161 766 295 831 iusmoni
317 767 543 831 oontreluotari
563 786 628 830 non
650 765 800 852 trepidat.
820 765 826 850 1

147 851 253 917 Frons.
299 851 414 934 Omne,
438 852 524 937 quod
546 872 641 938 pares
664 852 706 917 ad
722 852 877 934 dolorem,
890 851 894 938 1
908 852 986 916 mihi
1007 854 1142 918 vertitur
1162 854 1196 918 in
1226 882 1237 920 s

60 940 226 1024 quietam
246 937 357 1015 tunde
380 938 550 1003 eommode
573 959 675 1025 pauso
702 941 735 1003 in
757 939 919 1019 oraticula,
939 941 944 1023 1
965 959 1025 1005 osu
1050 941 1083 1005 in
1106 945 1194 1004 tran-

62 1026 163 1110 quilla
184 1026 342 1089 naucula.
364 1029 368 1107 1

20 1111 30 1170 l
144 1112 315 1177 Anarruus.
361 1110 498 1195 Sartago
520 1111 618 1196 plene
647 1112 719 1196 piae
743 1118 777 1176 et
801 1131 876 1176 uera
899 1110 1086 1176 ardentibus
1107 1113 1195 1196 rogis

61 1204 310 1284 superponetur,
330 1199 335 1280 Ι
355 1204 389 1261 et
415 1198 448 1261 in
471 1197 651 1262 ferventem
678 1198 836 1283 liquorem
863 1198 945 1262 haee
967 1197 1099 1263 rebellis
1121 1200 1195 1262 mit-

59 1291 155 1348 tetur.
1215 1310 1239 1350 ro

145 1285 252 1435 Flere.
299 1368 421 1455 Sponte
443 1367 583 1451 insilio!

146 1456 317 1521 Annianus.
363 1454 569 1537 Consentio!

145 1541 253 1606 Frons.
297 1541 363 1605 Ubi
385 1547 458 1605 sunt
480 1542 587 1604 minae
611 1546 710 1604 tuae?
754 1539 856 1620 ane,
883 1541 997 1605 illaesa
1023 1541 1108 1605 inter
1129 1541 1194 1605 fer-

61 1634 192 1693 ventem
221 1629 379 1713 liquorem
410 1627 524 1691 ludens
554 1633 646 1700 nato,
681 1633 714 1691 et
741 1646 799 1713 pro
829 1628 861 1691 vi
891 1628 1046 1691 caumatis
1065 1626 1071 1712 1
1090 1628 1194 1691 sentio

59 1714 210 1778 metutini
230 1714 435 1799 refrigerium
458 1714 549 1778 roris.
569 1712 573 1796 1
1213 1741 1236 1780 ιι

10 1790 40 1853 ¹²
147 1801 318 1865 Annmnus.
362 1799 532 1872 Antioche,
557 1797 632 1884 quid
655 1797 697 1861 ad
719 1797 802 1862 haeo
824 1804 874 1862 est
895 1797 1081 1883 agendum?
1101 1797 1107 1881 1

10 1894 45 1947 tr.
149 1886 340 1952 hunrocuus.
383 1885 433 1949 Ne
457 1885 585 1966 evadat,
608 1883 851 1970 providendum.
871 1886 877 1969 1

148 1972 318 2037 Annianus.
364 1970 412 2036 Oa
435 1973 479 2036 ite
502 1972 702 2053 truncetur.l

148 2060 340 2123 Anerocrros.
383 1994 537 2143 Alioquin
559 2078 623 2121 non
645 2057 825 2137 ninneton!

10 2131 38 2194 ¹3
117 2143 254 2295 dans.
303 2142 398 2208 Nune
425 2151 474 2208 est
503 2142 719 2229 gaudendum,
740 2144 745 2224 1
764 2162 848 2206 nuno
874 2142 908 2206 in
939 2141 1067 2206 domino
1101 2141 1193 2205 exul·
1213 2168 1238 2208 ιο

59 2238 115 2295 tan
140 2233 230 2307 um!

149 2315 325 2381 Serranus.
371 2315 509 2396 Christe,
533 2315 748 2401 triumphator
769 2314 891 2379 diaboli
905 2315 1123 2396 invictissime,
1137 2314 1140 2399 1
1154 2313 1195 2377 da

61 2402 270 2467 tolerantiam
292 2400 396 2482 Fidei,
419 2423 513 2467 meae
535 2402 631 2466 filiae.
652 2401 656 2485 1

147 2488 253 2552 F1nns.
288 2486 317 2552 Ο
333 2495 438 2553 mater
452 2487 647 2569 venerenda,
671 2486 721 2551 dio
737 2487 809 2550 vale
825 2485 972 2549 ultimum
988 2492 1062 2550 tuae
1078 2486 1174 2567 filiae,
1189 2484 1193 2570 1

58 2575 128 2639 libe
151 2574 296 2639 osculum
318 2579 394 2638 tuae
417 2575 663 2660 primogenitae,
683 2574 688 2654 1
707 2593 768 2637 neo
790 2572 932 2636 afficiare
955 2572 1020 2636 ullo
1043 2592 1191 2636 maerore
1212 2601 1237 2640 rs

60 2659 178 2738 oordis,
198 2669 203 2736 Ι
224 2662 299 2745 quia
321 2659 418 2724 tendo
442 2660 483 2724 ad
506 2661 650 2725 bravium
675 2659 885 2724 aeternitatis.
906 2658 910 2742 1

150 2746 324 2811 Sarranus.
370 2745 490 2826 Ofilio,
506 2747 581 2827 filia,
598 2767 662 2810 non
678 2745 865 2824 confundor,
886 2743 890 2828 1
910 2764 975 2807 non
990 2745 1169 2825 contristor,
1188 2745 1191 2828 1

1059 2918 1193 2981 inviola-
1211 2923 1259 2987 fol.
1273 2926 1337 2973 125r

62 2831 122 2896 sed
151 2832 299 2896 raledieo
326 2833 384 2896 tibi
413 2832 590 2898 exultando
610 2832 614 2916 1
635 2839 668 2897 et
694 2832 820 2895 osculor
852 2851 887 2894 os
915 2831 1088 3001 ooulospue
1116 2851 1194 2916 prae

62 2917 183 3003 gaudio
207 2918 415 2999 lacrimando,
435 2925 440 2998 1
460 2941 571 2999 orans,
593 2926 630 2983 ut
651 2919 710 2983 sub
731 2919 797 2983 iotu
820 2919 1016 3004 percussoris

62 3013 131 3069 turn
153 3025 264 3069 serres
287 3005 463 3069 misterium
487 3007 533 3070 tui
555 3006 702 3069 nominis.
722 3005 727 3087 1
1212 3028 1237 3069 oo

10 3095 42 3154 14
146 3091 254 3156 Frons.
299 3089 328 3155 Ο
350 3094 496 3156 uterinae
520 3113 662 3172 sorores,
683 3090 785 3155 libate
808 3089 887 3154 mihi
910 3089 1053 3152 osculum
1074 3089 1163 3174 paois
1188 3088 1192 3172 1

63 3184 97 3241 et
117 3184 233 3263 perate
256 3198 314 3241 vos
337 3178 381 3242 ad
402 3180 606 3243 tolerantiam
630 3179 727 3241 futuri
750 3177 943 3242 certaminis.
964 3183 969 3255 1

148 3262 238 3328 Sans.
282 3263 411 3329 Adiure
432 3287 491 3330 nos
507 3266 651 3329 oratione
667 3263 805 3344 assidua,
826 3263 830 3346 1
849 3270 886 3325 ut
900 3282 1082 3325 mereamur
1101 3261 1194 3346 aequi

61 3356 116 3414 tua
138 3351 288 3435 vestigia.
308 3351 313 3431 1

146 3435 251 3500 Frons.
309 3436 386 3501 Este
423 3437 687 3522 obtemperantes
725 3435 854 3499 monitis
874 3436 879 3516 1
899 3439 1027 3497 nostrae
1063 3441 1192 3498 sanotae
1212 3459 1237 3499 ss

58 3524 215 3607 parentis,
241 3525 245 3606 1
271 3543 354 3608 quae
388 3544 446 3586 nos
479 3523 669 3587 hortabatur
702 3523 885 3606 praesentia
919 3519 1076 3601 fastidire,
1101 3523 1106 3601 1
1132 3541 1194 3606 quo

57 3611 290 3674 meruissemus
314 3615 447 3673 aeterna
469 3610 647 3694 percipere.
667 3610 672 3691 1

145 3694 299 3760 Knnrrss.
344 3695 498 3760 Matemis
514 3696 653 3760 libenter
668 3695 929 3779 obtemperamus
945 3692 1083 3773 monitis,
1104 3690 1109 3772 1
1130 3711 1193 3776 quo

55 3782 184 3868 perfrui
206 3802 389 3846 mereamur
412 3783 552 3846 aeternis
576 3782 675 3846 bonis.
697 3781 701 3865 1
1243 3806 1245 3809 ’

125 4023 164 4148 '5
159 4019 304 4142 Δ110101ὀιιι]
322 4023 342 4073 l·
361 4031 478 4089 coeperet
495 4022 529 4072 M
611 4019 645 4073 25
662 4023 774 4072 efficiare
793 4020 827 4070 Μ
914 4018 948 4071 38
966 4019 1069 4070 monitis
1086 4017 1117 4082 (n
1134 4027 1194 4070 eat

52 4111 124 4146 corr.

143 4315 181 4369 30
199 4319 235 4384 cs.
254 4315 349 4381 sapa
365 4316 416 4378 §a
504 4314 537 4368 36
556 4317 590 4383 cs.
603 4332 633 4381 p.
647 4319 752 4380 188,19.
