2910 5024
523 336 784 392 flao'rsl'ttflua
802 334 935 393 OPERA.

269 514 361 587 Quae
385 533 515 599 semper
537 513 662 576 stabilis
684 531 843 575 summum
866 510 974 575 luerat
997 520 1099 599 caput
1121 514 1216 593 orbis,

271 600 413 664 Edomat
437 614 470 663 et
492 606 618 683 gentes,
641 598 769 662 Christo
792 598 935 677 favente,
958 597 1100 667 seroces.

269 687 362 759 Quae
386 688 474 771 prius
497 687 667 749 ecclesiam
690 684 858 748 laniabant
879 703 981 770 saepe
1005 696 1177 753 sacreum.

267 774 347 837 Post
369 773 454 836 hunc
478 772 638 836 Heuricus
661 771 767 834 fuerat
788 770 927 835 feliciter
948 778 1050 849 ortus,

268 861 478 945 Inpositoque
501 860 603 943 patris
625 858 768 921 famosus
789 858 918 921 uomina
941 858 1045 943 regis:
1233 874 1321 925 nor

270 945 412 1010 Provida
436 965 531 1029 quem
556 944 676 1008 domini
698 944 821 1029 pariter
842 944 1002 1093 sapientia
1025 942 1148 1011 Christi

267 1032 430 1117 Dignatur
451 1051 581 1095 serrare
605 1030 721 1094 ducem
744 1029 864 1116 populo
909 1050 971 1094 ene
996 1030 1128 1101 sortem.

269 1118 416 1202 Belliger
437 1132 472 1181 ut
495 1119 596 1183 fortis.
620 1117 697 1180 belli
720 1115 924 1180 doctissimus
947 1116 1037 1185 artis.

266 1205 409 1269 Fortiter
432 1205 601 1268 ecclesiam
624 1204 843 1288 praemuniret
866 1202 1102 1281 venerandam,

268 1291 338 1355 Ceu
360 1312 470 1354 murus
492 1291 605 1353 iaculis
628 1291 762 1354 obstans
784 1290 976 1353 fortissimus
998 1288 1113 1355 hostis.
1230 1310 1323 1353 um

267 1377 346 1441 Post
368 1377 453 1440 hunc
476 1377 634 1440 ecclcsiae
657 1383 769 1461 pastor
791 1375 880 1439 Brun
902 1376 1048 1441 nascitur
1070 1378 1187 1443 almae:

268 1463 382 1527 Gratia
404 1464 563 1547 pontilicis
586 1483 682 1547 quem
706 1462 799 1526 duxit
821 1482 948 1526 summa
969 1465 1125 1549 perennia

267 1549 409 1634 Dignum
434 1549 585 1613 catholici
608 1569 718 1613 curam
740 1556 872 1633 gestare
893 1548 1032 1635 popelli:

267 1636 353 1700 Hinc
377 1655 505 1720 quoque
529 1635 636 1700 divino
660 1644 739 1699 nutu
762 1636 862 1720 patn‘s
884 1636 939 1722 pia
960 1656 1040 1701 cura

268 1722 380 1807 Ipsum
404 1723 536 1786 servitio
560 1720 679 1785 Christi
703 1722 781 1785 lecit
801 1722 944 1805 religari,
1235 1740 1313 1783 aar·

269 1809 477 1872 Abstraotum
501 1810 626 1892 gremio
649 1828 745 1871 carae
766 1808 898 1872 nutricia
919 1806 1074 1887 amando,

269 1894 313 1959 L't
336 1896 427 1978 regui
450 1897 578 1979 pompis
600 1902 711 1978 posset
734 1902 883 1958 constare
904 1894 1026 1959 relictis

262 1981 359 2045 Miles
381 1982 547 2064 stelligera
573 2001 704 2065 semper
725 1980 890 2065 regnantia
910 1982 944 2044 iu
966 1980 1060 2045 aula:

267 2070 312 2130 At
335 2066 490 2147 Christus,
514 2068 614 2151 patris
636 2067 796 2152 sapientia
818 2086 896 2130 vera
918 2067 1081 2151 parennis,

268 2154 420 2216 Tironem
444 2153 621 2216 relorendo
645 2174 736 2216 suum
761 2153 951 2217 clementius
972 2153 1071 2217 istum
1232 2168 1283 2221 tra-

268 2240 336 2325 lpsi
358 2239 444 2303 dona
467 2238 557 2303 dedit
580 2247 690 2303 tantae
713 2240 882 2324 praeclara
902 2238 1049 2326 sophiae,

269 2324 365 2399 Quod
387 2347 452 2389 non
476 2334 525 2387 est
547 2326 603 2389 illo
626 2326 754 2410 penitus
777 2326 955 2410 sapientior
976 2326 1061 2390 ullus

268 2412 359 2476 luter
380 2412 535 2475 mortales
557 2412 681 2495 fragilis
703 2410 814 2476 mundi
836 2412 1012 2498 sapientes.

312 2498 373 2562 His
396 2499 497 2582 igitur
516 2499 626 2582 pueris
647 2498 750 2582 regali
772 2518 864 2562 more
885 2498 1025 2579 nutritis,

265 2583 415 2668 Ipsorum
438 2586 521 2668 patri
546 2586 671 2647 famoso
695 2583 835 2667 denique
857 2584 929 2669 regi
1229 2598 1278 2639 ἰη’

267 2671 410 2734 chrico
433 2672 564 2755 placuit,
588 2671 682 2734 lactis
704 2669 791 2755 quod
814 2671 876 2734 rite
897 2670 1048 2757 replevit,

268 2756 322 2837 Ut,
346 2759 431 2821 ritae
456 2756 578 2820 calidas
600 2777 713 2841 sospes
736 2756 813 2821 dum
835 2763 986 2841 carperet
1007 2776 1114 2829 auras,

267 2843 343 2928 Ipse
367 2864 425 2906 suo
448 2844 664 2927 primogenito
688 2844 823 2928 regique
846 2842 954 2907 lutrrro

268 2929 397 2993 Oddoni
421 2928 552 3013 dignam
575 2930 639 2992 inm
662 2928 868 3013 disponsaret
888 2929 1038 3007 amicam,

266 3016 359 3088 Quae
383 3017 533 3101 propriae
556 3016 639 3099 proli
662 3015 760 3099 digne
782 3021 894 3101 posset
915 3015 1041 3079 sociari.
1227 3020 1302 3071 Μ’

266 3101 360 3166 Hunc
383 3123 448 3165 non
472 3104 504 3165 in
526 3103 657 3187 proprio
681 3103 782 3166 voluit
804 3102 995 3187 conquirere
1016 3120 1136 3185 regum

267 3189 370 3251 Trans
393 3210 482 3252 mare
507 3190 634 3271 legatos
657 3187 717 3252 sed
739 3188 916 3252 transmisit
937 3188 1023 3252 bane
1046 3192 1159 3251 cautos

269 3274 384 3337 Gentis
407 3275 448 3338 nd
473 3275 653 3358 Anglorum
677 3284 796 3339 terram
820 3281 872 3338 sat
893 3273 1094 3353 deliciosam,

266 3359 487 3425 Demnndnns.
511 3370 546 3424 ut
570 3362 719 3424 continuo
743 3381 815 3425 cum
839 3380 974 3425 munere
996 3360 1095 3425 misso

266 3446 443 3511 Aedwardi
465 3468 501 3511 re
527 3449 552 3509 's
575 3454 684 3511 natam
708 3454 860 3532 peterent
881 3445 1069 3529 Euditham,
1229 3458 1285 3507 tr»
1301 3446 1320 3459 ''

269 3532 360 3605 Quae
384 3544 477 3620 patre
524 3534 654 3597 efunoto
677 3535 742 3597 iam
766 3540 842 3597 tunc
864 3532 1032 3598 residebat
1052 3532 1088 3597 in
1110 3530 1194 3611 aule,

242 3671 277 3723 ll
288 3674 351 3737 sora
364 3674 465 3723 Christo
479 3684 642 3737 praestante:
654 3674 689 3738 cf.
698 3682 760 3739 pert.
771 3676 824 3725 131.
836 3676 887 3723 432
897 3672 983 3737 (Mar,
993 3672 1040 3737 39)
1108 3668 1144 3725 5³
1155 3642 1325 3739 nlignh'ff

154 3738 189 3792 6ῖ
208 3744 304 3793 fumoso
322 3744 358 3792 uic
376 3742 410 3791 J!
478 3740 512 3792 73
529 3744 634 3809 propria
652 3742 683 3791 ul!
752 3740 786 3792 td
803 3758 864 3793 cum
881 3758 989 3794 munera
1006 3742 1096 3793 Perta:
1112 3754 1242 3793 mnan
1255 3712 1325 3787 fl

242 3863 275 3915 tl
293 3859 426 3925 ‘Heiderr'‚·
445 3862 567 3912 dictentur
585 3862 728 3929 Ilunporr'r'.
803 3858 839 3913 53
856 3880 892 3913 ac.
909 3860 1119 3929 archiepiscopat
1137 3848 1325 3913 cato-affl

155 3935 283 3983 ecclcsiae.
359 3932 394 3983 58
411 3934 445 3996 cf.
465 3930 589 3996 Ilarotperr'
605 3934 682 3982 ritum
700 3930 1214 3997 Brrtrroniac.4(SS.1Vp.255):ao
1228 3932 1325 3979 U*

156 4018 216 4067 porc
242 4020 366 4069 generosa
389 4018 480 4065 regum
504 4001 600 4066 proles,
627 4018 710 4053 aunos
733 4002 835 4052 circiter
857 4008 981 4067 quattuor
1004 4000 1117 4061 haltona,
1143 3990 1325 4051 humb!

155 4073 251 4120 artium
278 4073 370 4121 studiis
393 4071 531 4121 imbuenda
550 4071 668 4121 Buldrico
687 4070 827 4121 vonerabili
849 4070 983 4137 eiaoopo,
1004 4070 1050 4137 qui
1067 4068 1154 4121 adhue
1169 4084 1200 4119 aa

156 4141 303 4189 'l'raiectunn
322 4142 399 4190 missa
416 4150 461 4190 cst.
533 4140 567 4189 59
587 4142 620 4205 cf.
637 4150 699 4203 pert.
712 4144 767 4191 196.
890 4140 926 4204 cs.
945 4138 1002 4191 Pel.
1014 4142 1032 4190 2
1046 4136 1132 4203 (ml
1148 4136 1206 4187 aar
1215 4122 1323 4201 μθ)

156 4206 191 4257 til
200 4224 234 4271 sp.
257 4208 330 4257 lirun
343 4210 397 4258 dcc.
418 4216 453 4259 11.
471 4208 522 4259 Oct.
537 4212 597 4259 965:
615 4212 649 4274 cs.
663 4208 941 4275 troops-alumnae,
959 4208 1057 4260 Kutaer
1071 4206 1128 4259 otro
1140 4206 1187 4257 dar
1198 4202 1318 4257 W

151 4294 180 4341 p.
193 4276 268 4326 396².
339 4274 373 4327 69
391 4280 426 4343 rs.
446 4279 512 4328 Aeo.
527 4276 613 4329 1387.
632 4280 692 4329 388.
710 4296 762 4344 sqq.
781 4278 817 4359 cs.
834 4276 922 4341 Woitr,
935 4272 1314 4343 Heinrielr1,⁸p.188fl··'

158 4343 249 4394 ΚΛ).
264 4362 292 4409 p.
307 4349 380 4410 seqq.
469 4344 503 4397 ῖὶ.)
521 4348 556 4411 cs.
572 4354 634 4412 pest.
645 4352 700 4397 104.
792 4344 823 4399 t8
840 4348 877 4412 cs.
890 4350 1025 4413 yeMdd.
