2910 5024
201 335 236 393 84
563 330 824 387 HROTSVI'I'HAE
844 331 975 387 OPERA.

308 507 359 572 Tu
382 505 451 569 sine
497 504 630 589 rincipio
653 503 789 569 verbum
811 505 912 606 patris
934 525 1063 593 qnoque
1086 525 1214 589 verum,

306 593 350 658 nt
372 611 447 656 mea
470 525 511 656 Xe
535 591 626 655 caelo
650 591 736 656 solus
759 594 920 677 sapientia
940 612 1029 657 vera.

309 681 355 744 At
376 698 461 742 nnnc
483 679 515 742 in
539 675 655 742 dextm
677 679 780 742 victor
801 679 970 764 requiesce
992 685 1129 765 paterna

307 763 472 847 Gandcns,
495 784 597 850 usqne
620 770 693 828 tuos
715 784 835 850 ponam
858 772 990 830 cunctos
1011 765 1160 830 inimicos

203 878 241 920 uo
310 851 502 917 Sanctorum
525 871 585 936 per
606 851 717 915 saecla
739 850 861 936 pedum
883 851 943 916 tibi
964 852 1026 917 rite
1049 850 1257 922 scabellum?

350 938 527 1024 Postquam
549 943 698 1001 naturam
721 937 785 1000 iam
809 937 850 1001 de
873 937 968 1003 busto
991 937 1169 1003 redivivam

306 1023 492 1090 Humanam
514 1024 595 1088 solio
620 1023 765 1088 Christus
787 1024 888 1108 patris
912 1025 1019 1089 intulit
1040 1025 1118 1107 alto,

309 1111 432 1177 Omnes
454 1111 624 1196 angelicae
647 1110 807 1175 submissa
828 1130 909 1175 voce
933 1117 1085 1176 catervae

307 1196 503 1263 Laudabant
525 1198 642 1284 ipsum,
666 1197 722 1281 qui
745 1203 938 1282 regnaturus
959 1199 993 1262 in
1015 1217 1132 1262 aerum

201 1309 237 1350 us
304 1285 445 1349 Mortem
468 1283 588 1349 devicit
610 1283 752 1347 moriens
775 1283 997 1371 mundumque
1019 1282 1170 1365 redemit,
1347 1289 1392 1354 [οἱ

304 1370 351 1435 Ut
372 1390 510 1456 regnare
534 1391 609 1433 suos
633 1370 755 1433 iaceret
777 1390 837 1455 per
860 1373 992 1436 saecula
1014 1389 1135 1435 servos.

347 1695 441 1761 Haec
464 1698 657 1782 quicumque
681 1697 781 1783 legat,
804 1696 968 1761 miseranti
991 1704 1123 1783 pectore
1146 1695 1252 1761 dicat:

305 1781 390 1847 ‘Rex
413 1784 477 1869 pie,
502 1782 713 1848 Hrotsvithae
737 1804 873 1870 parcens
896 1785 1051 1849 miserere
1074 1783 1237 1865 misellae,

304 1868 347 1932 Et
368 1869 420 1934 iac
444 1869 558 1934 divinis
581 1871 754 1956 persistere
778 1871 913 1935 caelitus
936 1869 1007 1934 odis

199 1980 236 2020 nc
305 1956 410 2038 Hanc,
434 1977 518 2042 quae
541 1956 703 2020 laudando
728 1957 843 2021 cecinit
866 1964 921 2020 tua
943 1957 1030 2021 faeta
1053 1954 1243 2042 stupenda?

284 2145 333 2198 131
352 2147 526 2214 paciamini!
612 2144 662 2197 140
681 2142 753 2210 secia
766 2145 799 2196 M
884 2145 932 2198 141
950 2148 1025 2199 busto
1042 2143 1105 2209 (stc
1117 2147 1211 2198 iuras.
1225 2164 1263 2198 ιι.
1275 2147 1347 2211 UH

199 2213 250 2266 149
267 2216 374 2267 caelitus
392 2217 427 2267 sic
446 2216 492 2276 M‚·
509 2218 567 2267 item
587 2216 669 2282 Gany.
680 2220 730 2268 386

287 2385 395 2454 1381qq.
413 2390 447 2453 cf.
462 2387 557 2451 psalm.
576 2390 633 2448 109,
647 2392 666 2436 1.
