2910 5024
613 371 640 426 Π
657 373 682 427 5.
701 371 865 438 Pollentiae.
1257 375 1308 429 lto

119 548 146 611 od
259 566 416 612 arsamum.
461 544 590 619 Quanto
606 546 748 610 velocius
770 547 957 647 praeposita
978 546 1203 631 investigando
1219 553 1307 612 sata-

169 634 276 718 gimus
292 633 438 714 transire,
456 632 460 716 t
477 637 567 696 tanto
590 631 770 698 difficiliora
784 632 878 697 nobis
893 653 958 696 non
972 630 1092 696 desinis
1108 653 1282 718 apponere.
1300 635 1304 719 1

255 718 437 784 Psmmns.
482 717 556 783 Hoc
578 719 679 803 exigit
700 718 882 784 huiusmodi
904 718 1088 804 disputatio.

256 825 412 870 niscraunr.
470 803 622 868 Edissere
662 811 848 869 sumotenus
881 805 1114 890 aliquantulum
1146 804 1188 869 de
1226 806 1303 868 sim-

167 889 307 976 phoniis,
328 890 333 971 Ι
354 910 417 976 quo
439 891 545 954 saltim
568 891 705 955 sciamus
727 891 993 975 significationem
1014 891 1186 974 nominis!
1336 912 1349 952 a

256 976 439 1045 Panaenus.
496 976 685 1062 Simphonia
727 977 842 1042 dicitur
879 976 1107 1043 modulationis
1141 983 1304 1063 tempera·
1323 988 1372 1055 fol.
1384 991 1432 1040 110

167 1068 324 1127 mentum.

119 1152 152 1200 ⁸⁴·
257 1168 415 1216 piscinam.
458 1148 586 1222 Quare?

255 1234 439 1300 Passurus.
477 1232 560 1307 Quia
575 1255 659 1299 nunc
675 1239 835 1320 quattuor,
858 1257 942 1301 nunc
957 1236 1109 1321 quinque,
1131 1256 1215 1300 nunc
1231 1241 1304 1300 octo

167 1322 256 1386 sonis
278 1320 450 1407 perficitur.
1325 1344 1350 1383 so

123 1411 142 1470 t
255 1427 410 1472 niscssuu.
455 1405 539 1479 Quia
560 1413 627 1471 tres
643 1426 714 1471 esse
731 1408 964 1492 cognoscimus,
979 1406 983 1491 i
996 1407 1193 1493 singularum
1208 1426 1306 1471 voca·

169 1493 249 1558 bula
272 1492 439 1557 dinoscere
463 1494 616 1578 cupimus.
637 1496 642 1575 Ι

258 1579 439 1645 Pannonius.
477 1578 588 1643 Prima
603 1578 719 1644 dicitur
734 1576 928 1660 diateseron,
942 1576 947 1663 Ι
961 1579 1051 1665 quasi
1067 1598 1110 1643 ex
1126 1582 1286 1664 quattuor,
1300 1577 1304 1662 t

169 1671 206 1730 et
235 1665 382 1815 ppssidet
408 1666 648 1751 proportionem
677 1665 863 1750 epitritam!
883 1666 950 1730 sive
973 1665 1197 1750 siquitertiam.
1217 1664 1223 1748 Ι
1244 1663 1304 1728 Se-

169 1772 233 1816 cun
300 1751 463 1837 diapente,
483 1756 488 1831 Ι
508 1772 591 1837 quae
609 1756 735 1815 constat
757 1772 800 1816 ex
816 1753 966 1838 quinque,
987 1754 992 1831 Ι
1012 1756 1111 1816 otest
1131 1752 1164 1816 in
1179 1751 1304 1815 ratione
1324 1776 1348 1816 a

170 1839 303 1903 emiolei
330 1842 336 1919 Ι
363 1839 431 1903 sive
466 1839 667 1924 sesqualteri.
692 1841 698 1918 1
722 1837 832 1903 Tertia
865 1837 1036 1923 diaposon;
1059 1839 1064 1923 Ι
1087 1838 1170 1902 haec
1206 1838 1243 1901 fit
1271 1837 1305 1900 in

169 1923 271 2010 duplo
291 1926 296 2007 Ι
316 1924 542 2011 perficiturque
564 1923 720 1988 sonitibus
742 1931 826 1988 octo.
846 1927 851 2003 1

120 2014 140 2072 5
254 2031 410 2076 arsamum.
454 2010 540 2074 Num
563 2031 658 2096 spera
685 2015 718 2074 et
763 2011 892 2076 lanetae
915 2009 1083 2097 proferunt
1105 2029 1230 2092 sonum,
1249 2008 1253 2093 t
1270 2014 1306 2071 ut

168 2104 357 2162 mereantur
378 2098 652 2183 comparationem
675 2031 892 2181 cordarumll

255 2182 435 2248 Possumus.
480 2182 531 2247 Ac
553 2184 765 2263 maximum!
1324 2204 1350 2244 ao

255 2288 410 2333 niscreuni.
457 2267 522 2333 (tur
543 2290 608 2333 non
629 2268 775 2333 auditur?

255 2353 437 2419 Pssuusrus.
482 2355 689 2420 Multiiariam
714 2360 889 2440 exponunt.
934 2355 1000 2419 Alii
1029 2359 1211 2437 autumant,
1241 2373 1306 2417 uon

166 2437 273 2504 audiri
294 2459 390 2526 posse
413 2446 548 2528 propter
572 2441 909 2523 assiduitatem31alii
931 2445 1065 2528 propter
1086 2441 1171 2504 aeris
1195 2440 1305 2526 spissi·

172 2525 333 2601 tudinem;
347 2526 351 2610 Ι
367 2526 496 2613 quidam
511 2534 620 2592 autem
636 2528 752 2608 ferunt,
776 2526 862 2612 quod
877 2529 958 2591 tanti
975 2527 1150 2591 enormitas
1165 2525 1304 2611 sonitus!

124 2610 149 2673 6
176 2618 266 2677 artos
281 2613 406 2677 aurium
420 2621 563 2700 nequeat
575 2616 695 2679 intrare
711 2621 851 2689 meatus;
872 2616 877 2693 1
896 2621 970 2679 sunt
985 2614 1093 2694 etiam,
1116 2614 1170 2699 qui
1186 2612 1305 2692 dicunt,
1323 2635 1349 2675 ss

176 2698 266 2786 quod
293 2705 481 2785 speratam
508 2700 697 2781 iocundum,
723 2703 729 2780 1
754 2706 822 2763 tam
850 2699 977 2765 dulcem
1006 2699 1122 2764 efferat
1151 2719 1275 2780 sonum,
1300 2698 1304 2783 1

171 2792 219 2867 ut,
243 2786 270 2850 si
292 2785 471 2868 audiretur,
494 2806 606 2851 omnes
626 2792 631 2869 Ι
650 2788 682 2851 in
705 2807 873 2851 commuue
895 2787 1053 2869 homines,
1072 2788 1078 2862 Ι
1097 2792 1202 2850 semet
1228 2786 1306 2870 ipsis

171 2872 331 2958 neglectis
350 2875 356 2955 1
375 2872 586 2959 omnibusque
614 2873 800 2960 postpositis
827 2872 950 2955 studiis,
970 2876 975 2956 Ι
995 2871 1169 2937 ducentem
1191 2892 1306 2935 sonum

171 2958 214 3025 ab
238 2959 364 3024 oriente
383 2960 389 3041 1
408 2979 443 3023 se
467 2967 619 3023 uerentur
640 2960 673 3023 in
696 2957 934 3043 occidentem!

257 3065 413 3110 o1sc1suu1.
486 3051 617 3127 raestat,
640 3051 761 3110 utnon
784 3045 964 3127 audietne!
1322 3064 1349 3104 ro

122 3200 123 3210 χ
258 3132 435 3199 Psmunrus.
479 3131 553 3196 Hoc
576 3153 595 3196 a
618 3139 764 3197 creatore
786 3130 1065 3218 praesciebatur!

122 3198 150 3246 ὅ·
257 3236 413 3283 mscmunr.
459 3217 508 3282 Sit
530 3220 607 3283 satis
631 3218 671 3283 de
694 3219 770 3294 ista;
790 3222 794 3302 Ι
814 3236 1011 3304 prosequere
1035 3215 1076 3281 de
1099 3216 1275 3295 humanat

256 3301 438 3369 Possumus.
484 3304 569 3378 Quid
593 3304 633 3368 de
656 3305 756 3386 illati

253 3408 410 3456 nrscraunr.
456 3390 495 3454 ln
519 3411 581 3476 quo
604 3392 808 3477 percipiatur.

254 3473 436 3540 Possumus.
480 3475 553 3541 Non
576 3478 690 3555 solum,
712 3483 749 3541 nt
771 3476 848 3560 dixi,
870 3477 904 3540 in
926 3475 1117 3560 compagine
1137 3473 1143 3557 Ι
1161 3472 1304 3558 corporis
1322 3495 1347 3535 a

167 3568 202 3625 et
225 3561 366 3641 animae,
386 3564 391 3639 Ι
410 3582 535 3626 necnon
562 3564 594 3627 in
618 3565 789 3628 emissione
820 3583 905 3626 nunc
927 3561 1044 3645 gravis,
1065 3561 1070 3641 Ι
1089 3580 1173 3624 nuuc
1196 3560 1303 3623 clarae
1320 3577 1448 3644 γυιων

256 3698 291 3752 10
308 3701 416 3767 pcrflcif-
434 3711 551 3766 cocperot
568 3703 603 3753 M
671 3700 705 3754 13
721 3703 771 3753 ie.
790 3702 954 3752 &mucrore
1023 3698 1057 3750 1⁴
1074 3699 1243 3764 siquitartium
1260 3696 1305 3757 M5

164 3789 201 3823 e.
216 3773 334 3892 aigi?
336 3772 398 3903 1312?
402 3775 462 3869 ι165,
478 3775 508 3822 16
594 3769 629 3823 15
654 3789 686 3823 ex
710 3773 738 3823 in
760 3788 813 3823 ras.
837 3776 899 3821 cal
922 3768 957 3819 M
1040 3766 1074 3820 16
1099 3768 1151 3819 te.
1175 3767 1305 3831 diapasoa

253 3958 324 4024 fies.
343 3957 444 4009 Boethii
461 3959 537 4009 auth.
556 3958 693 4009 aritiam!
701 3964 715 4009 1
732 3956 770 4024 (p.
785 3963 808 4021 9,
817 3957 858 4023 9):
880 3958 951 4008 illam
974 3973 1034 4008 vero
1059 3971 1128 4020 quae
1150 3954 1183 4006 sd
1206 3953 1305 4019 aliquid

161 4029 214 4094 (aa.
226 4027 431 4079 multudinem
447 4023 723 4080 ‘Vesatoamtzeffi
740 4028 924 4094 mqusoltonsm
936 4026 1121 4091 eaqaitertiam
1138 4023 1194 4089 etc.)
1212 4022 1305 4074 musici

161 4098 348 4153 modulaminis
366 4103 566 4164 temperamenta
583 4104 740 4164 pomosonnt
758 4097 825 4161 (cod.
838 4096 952 4162 Μαίης.
970 4096 1084 4147 musicas
1101 4091 1304 4149 modulationis).

164 4168 200 4222 1³
208 4184 263 4234 sqq.
281 4167 318 4233 cs.
340 4165 440 4217 Boethii
456 4166 532 4216 metit.
550 4166 855 4233 mm.116(p.201,4)
873 4174 897 4217 et
908 4165 1018 4230 poesim.
1098 4161 1133 4215 22
1151 4163 1186 4229 ef.
1204 4161 1306 4214 Boethii

160 4238 245 4290 tnaeia
263 4252 330 4287 m.
344 4234 388 4285 12
407 4244 446 4300 (p.
460 4237 517 4299 187,
528 4235 585 4301 m:
606 4237 655 4288 etsi
678 4235 711 4287 sd
728 4243 828 4288 nostru
846 4251 923 4286 aures
940 4251 1020 4287 sonus
1042 4234 1086 4285 ifle
1109 4249 1162 4284 non
1180 4231 1304 4300 pervenit

158 4307 235 4441 quod
252 4305 344 4358 multis
361 4304 417 4356 deri
434 4304 465 4355 de
483 4305 569 4357 musis
586 4321 690 4358 necesse
707 4313 805 4358 cst...
872 4302 906 4356 35
923 4304 959 4370 of.
976 4302 1078 4355 Boeotii
1094 4303 1172 4354 instit.
1189 4299 1306 4352 maan

173 4394 205 4444 p.
218 4378 321 4440 188,ae
328 4373 401 4440 m).
