2910 5024
530 372 793 430 HROTSVITHAE
811 371 941 427 OPERA.

270 545 486 631 Extraxitque
510 546 591 627 solo,
615 564 715 645 perra
738 551 926 610 remanente
950 565 1103 628 caverna,

313 632 393 696 Post
414 631 497 696 haec
519 651 726 717 consprcuum
748 638 786 696 ut
806 632 901 697 fieret
922 631 1062 697 titulum.

271 718 369 784 Certo
393 739 456 804 quo
479 719 566 784 facto
590 717 708 783 cecidit
729 718 892 783 nubecula
915 739 1026 804 parva,

315 804 408 878 Quae
430 806 569 869 volitans
593 826 672 869 aura
694 810 770 869 ante
794 804 855 869 fuit
876 825 989 885 vacua,

271 891 403 956 Evomit
425 898 459 955 et
480 890 620 957 tumidas
641 892 712 977 ipso
736 890 881 977 disrupta
903 892 1021 957 locello

313 977 425 1043 Undas
448 978 639 1063 praescripti
662 976 802 1062 denique
824 978 981 1058 fonticuli,

269 1063 437 1129 Mensurae
459 1065 629 1129 scatebrae
652 1084 752 1127 venas
775 1084 904 1166 quoque
926 1064 998 1128 lixit
1020 1084 1174 1150 aquosae,

313 1150 451 1235 Virgula
472 1151 619 1236 praefixa
641 1170 704 1235 quo
727 1150 788 1214 fuit
811 1170 941 1237 exigua.

268 1236 314 1301 At
335 1257 417 1323 puer
439 1237 606 1322 obstupuit
627 1257 805 1322 vocemque
827 1258 888 1324 per
910 1257 988 1302 aera
1009 1237 1145 1324 spargit,

315 1323 463 1388 Suadens
485 1323 640 1388 militibus
662 1322 763 1387 affore
786 1325 850 1387 iam
874 1323 977 1398 citius,

271 1409 340 1473 Illis
365 1415 463 1495 atque
486 1411 562 1474 nori
585 1410 728 1474 narravit
750 1408 871 1510 gaudia
892 1410 986 1494 signi,

315 1493 407 1568 Quae
430 1517 490 1561 rex
512 1498 647 1561 militiae
669 1503 782 1560 annurt
804 1497 982 1582 angelicae.

270 1581 356 1646 Dum
380 1582 486 1647 subito
509 1585 626 1665 cuncti,
649 1589 739 1646 tanto
763 1584 856 1668 signo
879 1582 1072 1664 tremefacti,

315 1668 448 1733 Tollunt
470 1671 624 1734 mirantes
647 1669 689 1733 ad
712 1689 846 1754 superos
869 1669 969 1735 facies

270 1754 322 1819 Ex
345 1757 495 1841 ausisque
519 1757 585 1820 suis
608 1776 720 1821 omnes
743 1755 786 1819 ad
808 1755 916 1820 sidera
936 1755 1053 1842 palmia

314 1777 464 1906 dandum
488 1843 665 1907 carminula
688 1843 881 1907 concinuere
905 1840 978 1924 deo,

270 1927 357 1993 Ecce
381 1929 542 2014 palatinus
564 1930 693 2015 pelvem
716 1930 865 1994 manibus
887 1929 960 1992 tulit
982 1948 1075 2008 unus,

316 2015 470 2101 Implevit
491 2015 616 2100 limpha
639 2035 735 2100 quem
759 2016 822 2079 cito
846 2015 1029 2101 conspicua,

273 2100 378 2165 Laeto
402 2100 600 2186 Gongolfum
623 2103 714 2166 vultu
737 2121 865 2187 qnoque
888 2101 996 2187 pergit
1018 2099 1061 2164 ad
1083 2101 1214 2182 almum,

314 2187 361 2252 Ut
383 2187 513 2252 sibimet
535 2189 661 2274 signum
685 2189 808 2253 diceret
829 2189 1007 2261 insolitum;

272 2271 325 2352 llt,
350 2294 458 2338 coram
483 2281 573 2338 tanto
597 2275 774 2340 subsistens
796 2275 902 2339 fronte
926 2294 1043 2339 serena

316 2358 468 2442 Consule,
492 2361 533 2426 de
556 2368 660 2425 rostro
683 2361 766 2426 haec
789 2360 879 2425 dedit
902 2361 1050 2446 egregio:

269 2496 414 2562 ‘Laetus’
436 2497 482 2562 ait
503 2497 631 2562 ‘merito
654 2518 761 2562 sumas
783 2499 947 2563 rarissima
969 2497 1065 2581 dona,

312 2581 405 2656 Quae
430 2584 488 2649 tibi
510 2604 575 2649 non
597 2590 684 2649 terra
706 2586 841 2650 contulit
864 2586 994 2671 exigua,

270 2667 337 2734 Sed
360 2692 419 2737 rex
442 2671 512 2756 ipse
536 2672 603 2756 poli
625 2691 751 2736 summo
775 2669 816 2735 de
839 2672 961 2737 vertice
985 2671 1068 2737 caeli

312 2756 378 2821 Per
400 2758 494 2822 nubis
518 2759 633 2821 mirum
658 2759 790 2822 miserat
813 2758 962 2822 officium.

267 2841 352 2907 Hinc
375 2865 434 2907 nos
456 2845 614 2909 laetitiam
637 2849 764 2908 constat
785 2865 869 2908 nuno
895 2864 1030 2955 carpere
1053 2865 1216 2931 magnam,

312 2929 450 2994 Sortitus
473 2936 596 2995 tantam
620 2951 656 2995 es
679 2932 755 3016 quia
778 2931 958 3016 gloriolam.

267 3057 361 3122 Ilicet
384 3066 516 3122 econtra
537 3058 624 3121 fatur
646 3056 713 3121 dux
737 3077 792 3122 ore
816 3077 942 3141 sereno,

311 3142 467 3208 Reddens
489 3164 644 3230 responsa
667 3144 746 3208 talia
768 3164 849 3209 voce
872 3146 942 3231 pia:

158 3253 197 3294 ers
265 3229 351 3294 ‘Non
374 3229 470 3296 decet
491 3231 573 3295 haec
595 3230 731 3295 meritis’
752 3229 863 3316 inquid
885 3229 949 3295 ‘sat
971 3229 1108 3296 credere
1131 3231 1254 3314 nostris,

308 3316 470 3402 Umquam
493 3318 610 3382 tantilli
632 3318 678 3382 nil
701 3317 776 3403 quia
799 3318 992 3392 commerui;

266 3401 381 3467 Restat
402 3405 597 3490 multiplices
620 3402 748 3468 Christo
771 3403 829 3469 sed
852 3424 998 3490 pangere
1021 3410 1145 3490 grates,

308 3487 370 3561 Qui
392 3510 548 3576 praesens
570 3490 698 3555 famulis
720 3511 849 3641 semper
872 3489 966 3555 adest
988 3490 1151 3641 propriis?
1291 3517 1298 3552 ι

266 3572 415 3656 Dixerat,
439 3584 473 3641 et
493 3578 588 3640 solito
612 3577 708 3641 tinxit
730 3597 765 3641 se
803 3583 878 3641 onte
902 3597 986 3642 nove
1012 3597 1043 3658 o,

157 3684 196 3724 aro
307 3661 411 3727 Lotus
433 3670 467 3728 et
488 3663 661 3728 altithrono
684 3663 766 3729 haec
789 3664 905 3729 cecinit
928 3662 1075 3728 domino:

264 3789 306 3855 ‘0
329 3811 459 3878 semper
481 3793 596 3878 pietas,
619 3799 750 3857 nostrae
774 3812 849 3878 spes
871 3792 965 3856 unica
988 3793 1095 3857 vitae!

310 3876 339 3942 Ο
362 3878 410 3942 ris
433 3877 562 3943 divinae
585 3880 728 3943 maxima
751 3878 923 3963 gratiolae!

244 4030 405 4085 246faceret
419 4035 499 4087 Celtae
559 4033 609 4086 251
624 4034 796 4087 mantell:
809 4052 876 4085 corr.
890 4033 1088 4101 Sotanfleiaals
1152 4029 1284 4086 meh·

156 4101 208 4151 iam
225 4102 279 4153 fore
297 4104 378 4154 cicius
396 4102 429 4153 Μ
501 4101 552 4156 259
570 4106 666 4172 parmis
684 4104 725 4155 Μ’
802 4100 854 4154 273
872 4112 897 4155 st
915 4111 1005 4155 centn
1023 4104 1067 4154 M¹
1136 4099 1187 4155 977
1205 4103 1285 4155 m

156 4171 219 4236 quia
236 4188 270 4222 ω·
289 4170 331 4221 Μ’
349 4172 425 4237 (lui⁸
442 4174 565 4239 erar.),p

242 4288 294 4343 948
311 4293 346 4358 cs.
367 4292 448 4360 Gonq.
461 4297 508 4344 194
517 4310 552 4358 sq.
650 4289 703 4343 270
724 4294 759 4360 cs.
780 4293 930 4358 Gorty-386.
1029 4289 1081 4344 ala
1098 4293 1134 4360 as.
1153 4291 1285 4358 Gom!-

157 4357 207 4411 281
227 4361 262 4427 cs.
281 4359 352 4412 Mor.
367 4365 405 4414 13.
