2910 5024
519 350 781 406 HROTSl'lTHAE
798 350 928 407 OPERA.

261 525 315 590 Ad
339 546 396 589 sua
418 545 496 588 mox
520 527 643 611 prolem
667 546 776 590 secum
800 525 935 589 deduxit
958 524 1109 601 herilem,
1235 544 1286 589 aa

261 614 371 677 Utitur
393 617 428 674 ut
450 613 537 676 socio
561 613 682 698 proprii
705 611 826 676 domini
849 632 979 697 qnoque
1001 620 1091 675 nato.

263 698 336 773 Quo
359 718 419 761 rex
442 706 620 784 comperto,
642 719 792 762 maerens
814 698 875 761 sub
898 697 997 763 corda
1021 702 1162 765 secreto.

261 785 403 849 Deflevit
425 785 523 848 tristis
546 786 678 849 nimium
701 784 887 849 miserabile
911 784 1051 859 lacuum

261 872 330 935 Vix
352 890 481 955 qnoque
505 872 651 955 germani
673 870 825 935 damnum
848 872 976 957 patiens
999 890 1104 955 grave
1127 870 1200 947 cari,

261 957 380 1021 Nobile
397 976 475 1019 mox
487 957 641 1022 Abrahae
657 957 777 1021 lactum
791 958 937 1041 sequitur
950 956 1169 1042 patriarchae,
1231 974 1274 1013 ac·

263 1042 359 1117 Quod
381 1044 537 1107 miserans
561 1045 638 1128 ogit,
661 1042 737 1106 dum
758 1042 845 1107 Loth
868 1063 911 1107 ex
934 1042 1030 1107 hoste
1053 1040 1208 1107 redemit:
1285 1042 1315 1093 ''o'

260 1130 482 1213 Militibusque
505 1131 571 1193 suis
593 1150 718 1193 summo
742 1131 910 1194 conamine
932 1130 1038 1209 lectis,

259 1215 397 1279 Necnon
418 1215 579 1279 inmodica
601 1222 672 1279 tota
694 1215 735 1278 de
757 1222 857 1299 gente
879 1223 1023 1295 caterva,

263 1302 391 1387 Pompa
413 1302 516 1385 regali
539 1303 646 1387 pergit
668 1302 826 1365 solamina
849 1301 940 1365 fratri

261 1388 373 1469 Ferre,
397 1388 456 1451 sub
478 1389 602 1472 ingenti
625 1387 732 1452 cordis
753 1388 910 1473 languore
933 1386 1088 1451 dolentis.
1228 1398 1268 1440 *²¹⁰¹

262 1474 333 1539 Nec
355 1494 457 1555 mora,
481 1494 578 1558 quem
601 1474 690 1538 venit
712 1475 846 1538 fratrem
868 1472 1031 1555 refovere,
1053 1470 1199 1537 redemit.

261 1561 423 1624 Auctores
446 1562 526 1623 tanti
549 1560 863 1646 condempnavitque
909 1560 995 1642 iacli,

264 1645 476 1732 suspendens
500 1645 657 1731 quosdam
679 1647 767 1731 ligno
790 1668 826 1711 re
850 1580 938 1711 robis
959 1650 1126 1731 reparato,

263 1732 430 1808 Quosdam
455 1731 495 1795 de
519 1734 624 1817 patria
646 1732 804 1796 mandans
827 1668 997 1797 discedere
1020 1750 1109 1795 cara.

306 1819 367 1883 His
390 1818 475 1882 bene
498 1818 661 1904 dispositis
683 1820 771 1904 regis
793 1820 882 1883 iussu
903 1818 1073 1904 sapientis,
1229 1828 1269 1873 Μ·

264 1905 404 1969 Protulit
426 1905 549 1989 antiqui
572 1926 697 1968 rursum
719 1906 806 1969 mala
828 1904 916 1969 fraus
938 1904 1059 1969 inimici

262 1992 434 2055 inventum
457 1993 589 2055 sceleris
612 1993 716 2077 primo
739 2011 836 2075 mage
859 1990 1042 2073 deterioria,

267 2077 399 2142 Cunctis
420 2077 618 2141 horrendum
641 2078 758 2142 saeclis
779 2078 962 2178 meritoque
985 2075 1190 2163 stupendum.

263 2164 423 2248 Denique,
445 2163 632 2313 praedictus
653 2170 826 2249 postquam
848 2162 979 2228 rediens
1000 2161 1205 2228 Evurlrardnr

263 2252 401 2314 Praeses
425 2271 445 2313 a
492 2251 590 2314 exilio
613 2250 752 2335 patriam
775 2248 946 2315 remeabat
967 2248 1155 2323 amandam,
1229 2262 1264 2305 Μ

262 2336 337 2400 Hoc
359 2336 420 2400 aibi
443 2338 582 2421 gratiola
605 2336 692 2421 regis
713 2342 902 2422 praestante
924 2335 1081 2421 benigna,

264 2422 451 2487 Gislberhto
475 2423 584 2487 comiti
606 2423 719 2487 vinclis
741 2424 882 2488 sociatus
904 2422 1024 2487 amoris

265 2508 442 2573 Consilium
466 2508 604 2573 dederat
627 2508 730 2595 (quod
751 2530 817 2574 non
839 2508 909 2589 tibi,
932 2506 1074 2587 Christe,
1095 2502 1254 2593 placebat).

264 2596 310 2659 Ut
333 2602 488 2680 caperent
509 2596 628 2659 iustum
651 2615 776 2680 regem,
799 2595 920 2660 domini
941 2592 1162 2675 benedictum,

265 2681 309 2745 Et
331 2681 417 2767 quod
440 2682 512 2765 plus
534 2683 619 2745 iusto
641 2702 706 2745 non
727 2683 845 2747 iustam
868 2682 933 2745 vim
954 2680 1107 2746 iaciendo
1231 2688 1271 2735 ’Ψ

263 2767 360 2831 Illum
383 2788 461 2831 mox
483 2768 614 2853 proprio
638 2767 847 2854 deprivarent
867 2767 954 2833 mala
977 2787 1092 2852 regno.

263 2854 337 2919 Hoc
360 2875 489 2939 quoqne
514 2855 682 2918 consilium
705 2874 860 2939 perversa
881 2858 992 2919 mente
1015 2860 1181 2941 repertum

264 2940 408 3005 Henrico
432 2942 519 3025 regis
542 2940 633 3005 fratri
655 2961 787 3005 suasere
808 2938 926 3021 fidelis,

264 3026 445 3092 Mulcentes
467 3028 601 3090 nimium
623 3027 732 3091 verbis
753 3028 859 3113 ipsum
881 3026 969 3091 male
991 3022 1132 3107 blandis,

265 3112 337 3187 Quo
361 3114 449 3198 prius
470 3114 595 3176 illatum
619 3114 721 3177 nollet
742 3114 808 3178 iam
830 3110 970 3177 reddere
994 3110 1160 3193 damnum,
1231 3124 1268 3169 ue
1284 3108 1330 3173 fat

263 3199 412 3286 Ipsorum
435 3201 518 3263 votis
541 3199 599 3263 sed
622 3201 695 3286 plus
717 3198 863 3285 parendo
886 3196 1047 3280 nefandis,

265 3285 452 3371 Susciperet
474 3306 620 3371 regnum,
643 3286 780 3372 depulso
804 3286 914 3367 fratre,
936 3282 1130 3369 regendum.

159 3396 198 3437 aro
267 3371 340 3452 Qui,
363 3372 450 3435 mule
474 3371 625 3437 blanditis
647 3372 781 3437 tandem
802 3372 907 3437 victura
929 3368 1087 3451 suadella,

267 3458 345 3541 (Pro
369 3457 473 3537 dolor)
497 3460 639 3543 ipsorum
663 3479 698 3522 se
720 3460 869 3545 promisit
890 3457 961 3522 lore
983 3462 1171 3543 promptum

157 3572 386 3581 —-—

244 3628 293 3681 197
304 3632 430 3698 languore
439 3633 525 3683 dolore
535 3632 578 3682 M:
586 3634 727 3697 commin
742 3672 749 3685 .
759 3642 821 3697 pert.
830 3636 888 3685 259.
896 3636 947 3685 346
999 3628 1052 3685 199
1060 3632 1171 3683 tuam
1179 3618 1275 3681 mali¹

157 3697 209 3750 204
227 3701 364 3751 deteriores
378 3700 411 3749 Μ
477 3701 529 3751 ‘205
547 3703 702 3753 horrendum
727 3704 814 3753 datin
825 3698 1094 3757 rue.m.1ieadiaff
1158 3694 1273 3751 imm

157 3770 252 3821 bardua
269 3770 379 3833 (·rhard-
397 3771 425 3819 iu
443 3789 495 3821 rue.
516 3788 547 3821 m.
562 3778 585 3834 1)
606 3771 637 3819 J!
733 3770 783 3822 207
809 3772 924 3823 remebnt
941 3770 976 3821 df
1076 3766 1131 3821 215
1146 3760 1274 3819 ssdalss³

158 3840 271 3899 terreae
298 3842 332 3904 cf.
355 3858 377 3889 e.
389 3842 444 3890 103.
467 3842 526 3891 323.
547 3844 601 3891 733.
621 3844 694 3903 ma,
719 3840 816 3891 mea.
833 3838 927 3891 Watit.
939 3842 994 3891 rac
1013 3838 1053 3891 ml
1069 3848 1125 3891 un
1140 3836 1212 3889 tna
1225 3830 1273 3885 uli

157 3926 236 3972 quam
254 3926 355 3975 semper
372 3910 455 3959 inesse
473 3909 557 3959 tidelis
574 3910 698 3975 obsequio
716 3910 813 3961 domini
831 3908 908 3973 (reete
926 3908 1024 3975 accept
1043 3906 1080 3961 W.
1091 3905 1190 3975 Πᾳπ,
1198 3898 1271 3973 pm

158 3978 229 4028 Beni.
238 3996 267 4043 p.
279 3980 344 4039 384)
413 3976 464 4027 21ῖ
482 3976 597 4044 reddere]
616 3995 656 4029 ee·
674 3988 793 4043 coeperat
809 3978 862 4041 dP,
878 3978 982 4031 credere
995 3976 1031 4043 ρ*

247 4132 296 4183 192
314 4135 348 4197 cs.
365 4150 423 4197 perr.
440 4138 477 4193 ll,
487 4137 517 4181 14
525 4149 577 4197 sqq.
684 4130 733 4184 194
752 4133 787 4199 cs.
802 4140 865 4199 pact.
878 4136 935 4184 107.
1042 4128 1094 4183 199
1114 4134 1150 4199 cs.
1162 4126 1271 4199 μ’*

158 4198 256 4265 200sq.
274 4202 309 4265 cs.
325 4204 504 4266 peatdilaq..
522 4200 647 4265 li.-1>.p.
661 4200 716 4253 752.
785 4199 838 4253 209
856 4200 891 4263 cs.
908 4198 993 4253 1r'.·D.
1006 4216 1037 4267 p.
1052 4200 1106 4253 70¹.
1177 4194 1271 4259 91011·

159 4269 194 4334 cs.
214 4274 409 4335 petracium„
432 4269 524 4321 K.·D.
543 4289 572 4337 p.
587 4271 645 4321 91⁴.
733 4266 785 4321 21⁴2
806 4271 842 4338 cs.
865 4270 937 4321 Mur.
948 4273 1007 4333 851,
1036 4268 1212 4337 Haupt-U·
1226 4264 1270 4321 Μ

158 4347 218 4403 pest.
233 4342 288 4389 21⁸6.
304 4342 366 4389 490.
454 4338 506 4389 220
524 4344 557 4405 cs.
574 4348 636 4405 qest.
649 4342 708 4390 341.
