2910 5024
277 341 328 395 114
636 338 897 396 uuousvlufluu
916 338 1045 395 OPERA.

145 514 205 604 [IV
221 512 250 600 5Ι
360 511 562 578 Gsnsrcsnos.
594 509 704 592 Statio,
719 510 857 575 milites?
874 512 1000 591 currite,
1016 513 1119 587 abite;
1136 516 1142 597 Ι
1158 513 1311 581 adducite
1324 516 1398 581 filias

276 597 319 662 ad
341 599 529 682 obsequium
553 599 601 662 sui
624 598 782 664 dominae.
803 600 807 679 Ι

152 787 183 852 V
209 793 221 850 1
249 794 276 849 0
363 805 489 850 strumas.
537 785 659 849 Assunt
673 786 814 849 illustres
830 784 989 850 Gallicani
1003 792 1110 861 natae,
1128 787 1132 869 Ι
1149 793 1226 852 tuae
1243 787 1399 856 familiari·

275 873 351 953 tati,
380 872 460 936 hera
483 871 684 952 Constantia,
714 892 772 958 pro
801 873 849 935 sui
875 871 1134 957 pulchritudinis,
1166 875 1346 960 sapientiae
1371 888 1400 942 et

275 959 446 1044 probitatis
469 959 698 1044 perspicuitate
721 958 799 1022 satis
822 979 842 1021 a
865 965 928 1022 tae.
949 958 954 1041 Ι
1422 974 1431 1011 ι

235 1049 254 1109 2
363 1044 566 1110 Cousrnurrs.
602 1045 730 1119 Placet;
746 980 988 1108 introducantur
1001 1044 1202 1127 honorilice!
1218 1081 1259 1094 -
1271 1048 1402 1114 Amator

275 1131 464 1215 virginitatis
483 1135 488 1210 Ι
509 1138 542 1195 et
563 1132 734 1216 inspirator
757 1131 922 1212 eastitatis,
942 1135 947 1212 Ι
967 1129 1110 1210 Christe,
1133 1132 1188 1216 qui
1210 1151 1281 1214 me,
1303 1137 1401 1220 preci·

275 1216 335 1280 bus
361 1217 500 1281 martiris
528 1223 604 1281 tuae
628 1216 764 1302 Agnetis
784 1219 827 1297 {a
853 1217 945 1302 lepra
973 1218 1096 1302 pariter
1122 1220 1266 1303 corporis
1285 1228 1292 1295 Ι
1311 1230 1345 1285 et
1365 1221 1401 1287 ab

276 1322 384 1367 errore
408 1303 548 1388 eripiens
563 1303 762 1388 gentilitatis,
782 1304 788 1384 Ι
806 1303 949 1367 invitasti
972 1302 1015 1367 ad
1028 1304 1208 1388 virgineum
1229 1309 1235 1380 Ι
1255 1307 1302 1371 tui
1317 1310 1402 1393 geni·

275 1390 360 1453 tricis
383 1389 569 1468 thalamum,
592 1389 596 1473 Ι
616 1390 647 1453 in
671 1410 733 1474 quo
763 1396 797 1453 tu
819 1389 1009 1453 manifestus
1037 1409 1072 1454 es
1095 1410 1190 1454 verus
1217 1389 1301 1456 deus
1323 1404 1402 1459 retro
1416 1408 1436 1445 ¹·

277 1475 445 1540 exordium
459 1483 552 1540 natus
567 1497 586 1539 a
603 1476 664 1540 deo
680 1481 784 1561 patre,
804 1477 809 1558 Ι
829 1475 981 1560 idemque
996 1495 1091 1539 verus
1114 1476 1213 1540 homo
1236 1498 1281 1543 ex
1307 1490 1403 1545 matre

235 1564 254 1625 3
276 1569 370 1626 natus
392 1563 425 1626 in
447 1562 627 1647 temperet
663 1568 706 1641 te,
729 1582 840 1625 veram
865 1570 899 1625 et
921 1568 1127 1626 coaeternam
1147 1566 1153 1644 Ι
1172 1565 1258 1650 patri
1281 1568 1403 1653 sapien·

276 1649 365 1730 tiam,
381 1650 385 1731 Ι
404 1668 463 1735 per
481 1669 577 1733 quam
592 1648 679 1712 lacta
700 1655 775 1711 sunt
790 1649 897 1712 omnia
914 1648 918 1732 Ι
935 1654 969 1711 et
991 1650 1080 1712 cuius
1096 1647 1311 1736 dispositione
1333 1674 1404 1718 con·

276 1735 390 1799 sistunt
413 1742 447 1798 et
467 1734 675 1799 moderantur
696 1735 856 1815 universa,
876 1736 882 1813 Ι
901 1735 1089 1820 suppliciter
1111 1755 1225 1815 exoro,
1247 1746 1286 1802 nt
1309 1738 1405 1805 (lalli-

276 1841 399 1897 oanum,
415 1822 469 1906 qui
485 1823 530 1884 tui
546 1823 579 1884 in
593 1842 646 1885 me
662 1840 806 1884 amorem
822 1820 1023 1906 surripiendo
1039 1830 1173 1886 conatur
1188 1824 1403 1911 extinguere}
1419 1840 1439 1879 Ι

299 1913 348 1970 ost
363 1914 396 1970 te
411 1907 568 1972 trahendo
591 1907 632 1971 ab
649 1907 765 1971 iniusta
779 1908 957 1971 intentione
973 1928 1127 1972 revocare
1147 1910 1151 1990 Ι
1171 1911 1289 1995 suique
1305 1912 1402 1977 lilim·

275 1929 416 2077 digneris
451 1994 508 2058 tibi
542 1995 706 2078 assignare
737 2013 885 2077 sponsas;
910 1998 915 2073 Ι
942 1999 976 2057 et
1008 1994 1127 2059 instilla
1157 1997 1406 2081 cogitationibus

276 2100 385 2144 earum
412 2081 458 2143 tui
488 2081 605 2143 amoris
633 2078 846 2161 dulcedinem,
867 2080 1040 2164 'quatinus
1063 2090 1259 2147 execrantes
1281 2087 1406 2151 carnale

277 2167 481 2247 consortium,
506 2170 511 2247 Ι
536 2167 705 2251 pervenire
734 2171 919 2229 mereantur
949 2165 991 2229 ad
1019 2186 1183 2232 sacrarum
1216 2171 1405 2237 sociantem

130 2339 190 2389 Μ·
203 2326 256 2373 154·
276 2254 516 2402 mfflldurlldsi'us.
560 2334 644 2415 Ave,
667 2335 864 2418 Constantia,
887 2336 1061 2420 imperialis
1084 2358 1150 2404 era.
1419 2268 1442 2309 ⁸

202 2393 220 2452 ¹¹
246 2395 273 2450 ⁰
361 2421 565 2488 Goxsrsurrs.
599 2420 741 2503 Salvete,
764 2442 901 2503 sorores,
924 2421 1035 2488 Attica
1050 2430 1084 2487 et
1098 2425 1259 2491 Artemia
1280 2427 1287 2513 Ι
1305 2426 1405 2505 State,

277 2514 370 2590 state,
395 2530 435 2573 ne
458 2508 643 2593 procidatis,
664 2510 669 2588 Ι
688 2507 746 2572 sed
768 2509 868 2572 libate
891 2510 970 2573 mihi
994 2510 1138 2576 osculum
1161 2514 1319 2588 amorial

362 2596 514 2660 Aureum.
565 2595 669 2657 Tuum
700 2594 742 2658 ad
772 2595 975 2680 obsequium,
1008 2595 1140 2680 domna,
1173 2599 1275 2665 alacri
1300 2610 1405 2667 ments

276 2682 431 2758 venimus,
445 2680 449 2765 Ι
463 2686 538 2746 tuae
561 2680 671 2744 ditioni
695 2701 819 2744 summa
841 2680 1014 2746 devotione
1036 2703 1095 2748 nos
1117 2685 1437 2771 subicimnqlma

276 2774 343 2832 tum
365 2775 402 2831 ut
424 2774 479 2831 tua
498 2771 502 2847 Ι
522 2767 614 2831 nobis
636 2766 803 2831 habundet
824 2768 938 2852 gratia.
959 2768 964 2852 Ι

234 2879 252 2939 5
362 2853 566 2919 Cousrsurrs.
614 2852 721 2917 Unum
750 2853 913 2917 dominum
941 2854 1098 2919 habemus
1124 2856 1158 2920 in
1185 2857 1305 2937 melia,
1327 2860 1336 2939 Ι
1356 2860 1402 2925 rai

276 2939 413 3004 debetur
439 2939 569 3004 devotio
595 2945 724 3003 nostrae
753 2941 924 3021 servitutis,
945 2942 952 3023 Ι
970 2942 1002 3004 in
1029 2942 1118 3007 cuius
1143 2941 1211 3009 lide
1244 2952 1279 3009 at
1307 2943 1401 3013 dilee-

275 3028 362 3090 tione
382 3027 387 3108 Ι
407 3025 564 3090 condecet
585 3047 644 3090 nos
667 3032 795 3089 servata
817 3046 855 3089 co
897 3027 960 3090 oris
981 3028 1169 3114 integritate
1187 3033 1194 3112 Ι
1214 3032 1402 3098 unanimiter

274 3132 498 3197 perseverare,
524 3115 529 3194 Ι
553 3119 588 3175 ut
622 3132 804 3176 mereamur
831 3133 872 3176 au
886 3133 938 3176 am
974 3115 1122 3179 caelestis
1151 3117 1281 3201 patriae
1305 3122 1312 3201 Ι
1334 3135 1434 3184 euna

274 3200 382 3283 palma
404 3200 594 3283 virginitatis
616 3199 756 3262 introire.
777 3199 782 3279 Ι

233 3308 253 3367 ΙΙ
360 3285 513 3349 Asrsurs.
557 3285 596 3348 In
621 3286 709 3349 nullo
735 3284 941 3365 reluctamur,
960 3283 966 3368 Ι
985 3284 1044 3350 sed
1070 3292 1172 3351 testes
1201 3288 1235 3353 in
1262 3290 1403 3357 omnibu

277 3371 459 3455 praeceptis
482 3391 597 3456 parere
619 3372 757 3450 nitimur,
779 3370 784 3453 Ι
803 3372 977 3456 praecipue
1000 3373 1032 3436 in
1055 3373 1223 3458 agnitione
1238 3378 1381 3443 reflat·

277 3463 309 3521 et
332 3456 509 3521 servandae
532 3458 695 3542 proposito
717 3457 919 3542 virginitatis.
938 3459 944 3540 Ι

362 3542 566 3608 Cousrsuns.
612 3542 682 3607 Con
744 3543 857 3606 asatis
879 3544 1044 3645 responsio
1061 3549 1236 3630 vestraque
1258 3547 1429 3635 ingenui-a

276 3634 343 3692 tate
367 3628 459 3693 condi
484 3650 540 3703 na;
563 3651 623 3694 nec
646 3629 688 3693 du
711 3631 767 3710 ito,
791 3630 867 3714 quin
883 3629 1010 3696 dimnas
1033 3630 1243 3717 inspiratione
1259 3637 1396 3719 gratiae!

275 3715 316 3779 ad
339 3650 535 3780 credendum
559 3717 635 3780 estis
658 3722 863 3801 praeventae.
884 3717 889 3798 Ι

360 3870 548 3939 lberalriss.
568 3872 610 3922 Μ’
678 3872 911 3925 dintroducuntur
928 3873 1213 3942 M¹;P1.i.h.o=ap
1287 3875 1397 3930 nita

274 3960 325 4007 qne
339 3943 396 4006 .l!¹,·
413 3944 464 4008 idq;
477 3960 510 3999 m,
524 3944 556 3992 id.
570 3945 609 4006 eq.
622 3958 673 4007 que
681 3943 723 4006 p¹,
734 3952 811 4007 atque
819 3941 853 4006 p²
925 3941 955 3993 ll
968 3946 1029 4009 sort
1042 3944 1167 3997 instillare
1227 3944 1264 3999 21
1278 3940 1397 4013 mma}

276 4015 306 4061 A.
320 4012 349 4060 ll
411 4013 472 4063 bera
490 4010 557 4061 M¹m
656 4010 690 4061 32
713 4012 854 4062 reluctatur
871 4012 912 4062 lll
974 4015 1046 4064 tastis
1064 4012 1106 4063 w
1205 4012 1242 4067 37
1263 4016 1397 4084 pnantqia

276 4085 369 4144 pusula
388 4098 454 4131 corr.
472 4098 504 4130 m.
520 4088 531 4131 1
551 4079 583 4129 d!

361 4200 378 4249 8
401 4203 434 4265 cs.
459 4200 542 4251 Prud.
565 4199 644 4265 steph.
660 4202 748 4261 2230
770 4201 869 4249 interna
892 4201 1030 4265 corrumpit
1052 4200 1122 4268 lepra
1143 4218 1202 4254 arro
1234 4219 1269 4255 ua
1288 4220 1402 4257 mm

275 4269 411 4319 claudicat.
504 4267 536 4320 lt
558 4270 593 4333 cs.
616 4285 708 4333 appar.
732 4269 768 4318 od
792 4267 896 4319 ocul
905 4272 935 4320 13
957 4269 1008 4330 §3.
1105 4266 1137 4320 17
1155 4272 1191 4337 cs.
1235 4270 1322 4335 eft!
1338 4274 1403 4337 §id-

277 4336 310 4387 18
321 4337 356 4401 cs.
370 4337 426 4388 cal.
439 4338 515 4388 inser.
585 4335 617 4388 31
631 4342 665 4401 os.
679 4337 755 4388 Dulc.
766 4337 824 4397 14§
833 4342 856 4388 4,
926 4335 1403 4409 35cfi0011.112§a,309.5m
