2910 5024
326 365 366 417 ΙΙΙ
385 364 410 418 2.
424 363 579 432 primordia
596 365 711 418 coenobii
731 364 974 419 Gumleshemertuis.
1165 369 1217 424 235

187 538 269 603 Miro
292 544 468 601 nocturnas
491 535 639 600 scindens
662 537 834 623 splendore
858 539 1024 612 tenebras3
1160 558 1217 610 (aaa)

186 625 323 710 Hocque
346 623 462 687 domus
483 623 568 708 patri
589 631 801 687 narraverunt
824 626 1015 706 tremefacti,

186 708 450 775 Demonstrando
473 710 590 789 locum,
614 730 710 794 quem
733 711 789 773 lux
812 711 1010 796 perfuderat,
1034 713 1148 797 ipsum.

187 797 250 871 Qui
272 798 342 861 visu
366 797 452 860 clare
477 796 609 880 cupiens
633 796 743 860 audita
765 797 916 882 probare,

187 884 290 948 Extra
314 888 401 946 tecta
425 880 539 945 domus
561 882 624 945 illis
647 882 797 946 habitans
820 884 970 963 sociatus,

185 971 371 1034 insomnem
395 969 503 1054 coepit
525 973 655 1032 noctem
679 989 809 1033 servare
834 976 1035 1054 sequentem,
1158 989 1216 1041 (aro)

183 1056 257 1120 Non
281 1054 434 1120 claudens
458 1055 568 1118 oculos
592 1075 704 1118 somno
728 1054 886 1120 suadente
911 1064 1073 1139 gravatos,

186 1143 300 1207 Donec
323 1161 477 1205 accensas
501 1162 608 1204 rursus
631 1143 763 1205 rutilare
787 1142 935 1206 lucernas

183 1231 290 1293 Aucto
314 1229 481 1291 vincentes
503 1248 638 1292 numero
661 1227 772 1292 videre
796 1230 921 1313 priores

184 1315 260 1465 {pso
285 1315 404 1400 quippe
428 1315 511 1393 loco,
535 1313 593 1377 sed
616 1315 733 1400 prisca,
756 1335 820 1399 qua
842 1315 939 1400 prius,
963 1314 1054 1380 hora.

215 1402 310 1465 minis
332 1401 393 1465 hoc
416 1401 543 1484 signum
567 1400 669 1464 felicis
691 1420 833 1485 namque
857 1421 1017 1481 serenum,
1158 1422 1215 1473 (na)

109 1516 112 1536 ·
183 1487 227 1551 Ut
251 1487 404 1552 Phoebus
426 1486 535 1550 radios
558 1488 735 1572 spargebat
758 1489 799 1550 ab
823 1487 957 1550 aethere
980 1488 1111 1573 primos,

183 1573 237 1637 Fit
259 1580 381 1654 notum,
406 1573 492 1636 fama
516 1575 636 1637 cunctis
659 1572 818 1659 prodente
841 1572 994 1648 iocunda;

182 1659 253 1725 Nec
276 1660 408 1723 latuisse
432 1657 548 1722 ducem
572 1657 704 1743 dignum
728 1660 833 1744 potuit
855 1659 1052 1736 Liudulfum

181 1747 288 1809 Aures
311 1745 370 1810 sed
393 1746 484 1809 citius
508 1743 593 1808 dicto
616 1745 803 1830 pulsaverat
826 1746 904 1808 eius.

182 1832 324 1917 Ipseque
348 1837 474 1895 sacrato
496 1832 570 1894 festi
594 1851 671 1894 mox
694 1837 788 1894 nocte
812 1831 919 1905 futuri,

109 1956 112 1976 .
182 1917 368 1982 Observans
392 1923 497 1997 caute,
520 1918 546 1980 si
571 1918 742 2002 quicquam
765 1923 881 2002 postea
904 1918 969 1980 tale

182 2003 327 2068 Caelitus
351 2005 472 2067 ostensi
495 2010 689 2067 monstraret
712 2005 791 2067 visio
814 2004 906 2086 signi,

183 2090 264 2154 Cum
287 2091 396 2154 inultis
419 2090 533 2153 silvam
555 2110 682 2175 pernox
705 2096 921 2174 conspexerat
943 2090 1055 2174 ipsam.

181 2176 252 2240 Nec
274 2197 375 2257 mora,
400 2197 472 2240 curn
495 2175 613 2239 nebula
636 2184 739 2239 terras
760 2196 826 2239 nox
850 2182 978 2240 texerat
1001 2182 1080 2248 atra,

180 2262 333 2347 Undique
357 2263 512 2326 silvestris
535 2283 594 2348 per
616 2283 730 2346 gyrum
756 2262 895 2347 denique
918 2262 1020 2338 valiis,

181 2348 218 2411 In
241 2370 304 2433 qua
328 2347 527 2412 fundandum
550 2350 657 2412 fuerat
679 2348 869 2435 praenobile
892 2343 1059 2433 templum,

181 2434 303 2498 Ordine
327 2434 483 2520 disposito
507 2441 680 2498 cemuntur
702 2436 822 2498 lumina
845 2436 952 2520 plura3

183 2520 277 2594 Quae
301 2521 395 2584 simul
418 2522 574 2584 arboreas
595 2520 727 2584 umbras
749 2521 917 2606 noctisque
942 2521 1094 2585 tenebras

183 2607 280 2671 Clare
303 2608 454 2692 pollentis
477 2607 668 2671 scindebant
691 2608 763 2671 luce
785 2608 907 2671 nitoris.

180 2693 267 2757 Hinc
291 2695 385 2757 simul
409 2699 562 2773 astantes,
587 2692 717 2757 domino
740 2693 870 2757 landem
893 2695 1085 2774 referentes,

180 2779 303 2843 Omnes
327 2800 398 2844 esse
421 2780 527 2844 locum
549 2779 721 2844 firmabant
743 2778 1006 2843 sanctificandum

179 2865 258 2929 Eius
281 2865 323 2929 ad
346 2866 547 2950 obsequium,
571 2868 625 2951 qui
648 2868 720 2930 luce
743 2867 927 2951 repleverat
949 2867 1048 2929 illum.

180 2952 225 3015 At
248 2950 326 3030 dux,
350 2952 482 3016 caelesti
505 2973 569 3016 non
592 2954 736 3036 ingratus
759 2953 884 3038 pietati,

180 3037 412 3123 Consensuque
436 3059 513 3102 suae
538 3037 676 3103 dilectae
698 3039 842 3123 coniugis
865 3037 969 3115 Odae,

182 3124 363 3189 Arboribus
387 3145 464 3188 mox
487 3126 617 3188 succisis
640 3126 803 3211 spinisque
827 3125 961 3188 resectis

181 3210 320 3274 Omnino
343 3211 461 3274 vallem
485 3211 633 3275 mundari
655 3212 746 3275 iussit
769 3209 924 3284 eandem3

180 3295 368 3360 silvestrem
392 3318 433 3361 ne
457 3298 574 3376 locum,
597 3297 716 3361 Faunis
739 3298 954 3381 monstrisque
977 3296 1138 3381 repletum

179 3381 273 3446 Fecit
296 3318 484 3447 mundatum
508 3383 622 3448 divinis
644 3384 793 3448 laudibus
816 3390 937 3468 aptum.

155 3571 210 3625 205
228 3574 304 3625 Nunc
323 3575 333 3623 1
402 3573 453 3626 206
471 3591 593 3627 accensas
610 3578 646 3626 sic
664 3573 701 3626 Ηιι
722 3576 765 3640 (dc
783 3578 866 3627 donec
882 3575 996 3642 spondeo
1009 3593 1031 3627 a.
1044 3574 1100 3628 iud.
1112 3573 1211 3630 eutr-i:

109 3660 211 3696 mnus
229 3643 261 3692 de
334 3641 386 3694 208
404 3645 448 3695 sed
466 3646 550 3711 prisco
566 3662 645 3709 qnam
663 3646 734 3711 prius
746 3645 795 3708 (sic
808 3647 829 3696 l:
847 3646 907 3712 plus
920 3645 950 3710 b)
967 3646 1032 3696 hora
1049 3645 1092 3696 tl.-
1109 3644 1212 3695 συννοσεῖ

109 3710 367 3764 dlaicosseducel
436 3711 487 3764 216
502 3715 678 3766 monstraritb
742 3711 1021 3781 moquouuamaa·
1090 3709 1210 3764 autae-

109 3782 172 3833 h'sl
242 3800 264 3831 c.
278 3779 329 3832 228
347 3790 370 3831 et
387 3779 439 3833 229
457 3784 605 3848 transposui
674 3780 725 3834 228
743 3784 843 3834 reiectis
861 3781 1211 3849 bt:ccrreai;cf.1'afn.3

109 3855 112 3869 '
128 3859 152 3903 et
171 3849 322 3902 Eberhards'
328 3851 474 3917 presbyteri
486 3851 575 3904 ebron.
589 3852 735 3904 uacant
749 3870 770 3903 o.
783 3856 807 3917 6,
816 3852 1008 3916 397&wa
1022 3849 1168 3902 turonium
1177 3849 1215 3899 ΙΙ

109 3922 176 3978 402·
205 3920 240 3985 cf.
260 3918 365 3984 Koepke
380 3936 407 3984 p.
422 3921 497 3986 233).·
522 3923 569 3972 mit
585 3929 677 3988 groten
699 3923 855 3974 woltbomen
879 3939 931 3972 was
954 3937 982 3971 se
1005 3921 1134 3986 hasungen
1157 3917 1211 3981 (die

109 3989 150 4040 ute
172 3988 221 4040 der
243 3988 515 4055 Klonterpriindunp);
541 3991 571 4040 de
597 3991 643 4042 leit
664 3991 697 4042 he
720 3993 809 4044 schere
832 3992 941 4043 utroden
964 3987 1119 4054 (accidere)
1140 3989 1211 4040 unde

109 4074 181 4110 neren
199 4059 301 4124 (spinos
318 4059 446 4124 resecare)

155 4209 209 4263 202
221 4213 292 4263 risu:
302 4208 395 4262 ‘durch
407 4212 457 4263 den
471 4209 667 4278 aracaeum?
735 4212 787 4266 210
799 4218 834 4280 cf.
847 4214 949 4266 Boeotii
959 4214 1055 4266 consol.
1068 4213 1166 4266 Pauor.
1178 4213 1212 4264 ΙΙ

109 4285 148 4344 t,1
165 4298 225 4332 cnm
246 4282 306 4347 polo
318 4282 438 4333 Phoebus
450 4284 530 4333 roseis
548 4283 680 4347 quadrigis
693 4285 777 4335 lucem
795 4300 915 4351 spargere
927 4285 1047 4350 coeperit
1105 4281 1155 4335 281
1175 4285 1210 4349 of.

109 4351 221 4413 Grimm,
238 4349 356 4402 &unche
375 4350 529 4417 Myrdcloqia
544 4350 584 4400 ⁸1
595 4367 623 4415 p.
638 4356 748 4418 meqq.
