2910 5024
284 337 336 392 132
651 334 914 391 HROTSVITHAE
933 335 1063 392 OPERA.

136 507 200 596 [XI
224 506 257 594 2]
369 507 512 573 Cenoma
557 507 677 589 Decet,
704 514 740 572 ut
767 509 799 572 iu
826 509 928 572 nostri
954 526 1069 572 necem
1092 507 1305 594 obtemperes
1329 511 1416 575 iussis

282 595 329 659 tui
350 594 565 680 imperatoris,
585 597 591 675 Ι
611 595 700 658 cuius
728 615 786 658 nos
814 594 947 660 decreta
969 600 1199 680 contempnere
1231 596 1352 665 noscis:
1369 599 1416 676 lsi

281 685 392 746 autem
414 679 578 766 parcendo
600 702 724 745 moram
748 682 878 764 feceris,
908 682 914 764 Ι
944 700 1086 766 aequum
1108 688 1173 763 est,
1200 690 1238 747 ut
1264 692 1301 748 tu
1321 684 1414 749 inter·

235 790 241 801 ·
281 767 409 833 ficiaris.

234 856 253 917 3
365 769 525 917 srsrlnss.
580 849 655 915 Non
678 851 828 933 tardetis,
859 852 994 931 milites,
1025 873 1090 916 uon
1112 851 1268 923 tardetisz
1287 856 1293 937 Ι
1312 855 1415 941 capite
1441 866 1453 905 ὅ

278 939 485 1025 blasphemas
508 937 567 1001 has
586 937 592 1023 Ι
612 943 645 1002 et
666 939 699 1002 in
721 938 830 1023 ignem
853 939 988 1024 proicite
1011 938 1117 1003 vivas!
1138 944 1144 1020 Ι

129 1041 263 1108 mrsu.
367 1046 495 1090 murus.
541 1024 701 1089 Instemus
725 1024 946 1090 construendis
967 1025 1054 1110 rogis
1074 1025 1079 1109 Ι
1098 1033 1133 1089 et
1158 1023 1328 1090 tradamus
1348 1026 1417 1091 illas

279 1111 494 1176 bachantibus
515 1111 661 1187 flammis,
682 1115 687 1191 Ι
729 1132 771 1175 uo
794 1111 891 1175 finem
915 1110 1029 1177 demus
1051 1112 1213 1176 conviciis.
1234 1115 1240 1188 Ι

234 1195 253 1254 4
364 1201 500 1263 Acsrss.
531 1197 604 1262 Non
619 1197 688 1279 tibi,
705 1133 845 1280 domine,
860 1219 926 1262 non
940 1197 1000 1263 tibi
1015 1196 1097 1263 haec
1110 1199 1265 1299 potentia
1280 1198 1416 1277 msolita

278 1292 314 1347 ut
342 1285 425 1369 ignis
452 1285 517 1348 vim
544 1285 670 1350 uirtutis
698 1304 776 1348 suae
807 1284 1031 1364 obliviscatur,
1061 1284 1120 1348 tibi
1146 1284 1415 1371 obtemperando.
1432 1298 1453 1337 ¹¹

279 1369 346 1435 Sed
374 1368 486 1434 taedet
514 1392 572 1435 nos
602 1390 782 1445 moramm;
802 1372 807 1452 Ι
827 1370 901 1435 ideo
929 1391 1095 1456 rogamus,
1129 1371 1212 1435 solvi
1241 1372 1419 1437 retinacula

279 1457 472 1535 animarum,
500 1457 505 1538 Ι
530 1478 593 1543 quo
627 1457 776 1521 extinctis
806 1456 993 1543 corporibus
1021 1459 1027 1540 Ι
1053 1465 1161 1522 tecum
1197 1456 1359 1543 plaudent
1388 1460 1419 1523 in

278 1543 392 1609 aethre
414 1544 514 1607 nostri
537 1566 552 1607 s
575 1543 674 1607 iritus.
694 1545 699 1623 Ι

233 1624 252 1683 5
363 1649 492 1693 mures.
543 1565 729 1708 gnosum,
756 1630 761 1711 Ι
786 1649 805 1692 o
833 1628 1028 1714 stupendum
1057 1629 1266 1694 miraculum!
1291 1632 1297 1705 1
1322 1628 1418 1711 Ecce,

277 1716 405 1780 animae
422 1735 575 1800 egressae
598 1722 672 1780 sunt
686 1735 837 1800 corpora:
857 1721 862 1791 1
883 1721 917 1779 et
938 1716 1026 1780 nulla
1048 1715 1201 1780 laesionis
1223 1718 1418 1802 repperiun·
1435 1728 1453 1765 ¹¹

276 1808 328 1866 tur
352 1803 509 1885 uestigia?
529 1806 534 1876 1
554 1801 612 1866 sed
635 1823 696 1866 nec
719 1801 837 1886 capilli,
861 1822 921 1866 nec
937 1803 1131 1866 uestimenta
1150 1804 1155 1883 Ι
1175 1801 1219 1867 ab
1244 1804 1326 1888 igne
1350 1818 1421 1869 sunt

276 1888 435 1969 ambusta,
456 1897 460 1964 Ι
482 1909 545 1972 quo
567 1889 673 1953 minus
696 1908 841 1973 corpora.
863 1890 868 1968 Ι

363 1973 523 2039 Sterculus
569 1975 719 2039 Profertc
743 1974 911 2038 Hireuam.
932 1981 938 2049 Ι

141 2234 250 2300 Xlll
364 2249 491 2294 ursinus.
538 2228 693 2306 Eccuml

364 2313 521 2380 Srsrsnrus.
557 2315 766 2394 Pertimesce‚
783 2314 916 2396 Hirena,
939 2335 1053 2380 necem
1076 2336 1236 2399 sororum,
1255 2321 1263 2400 Ι
1283 2328 1322 2384 et
1343 2336 1453 2387 cara·

277 2402 383 2487 perire
408 2403 559 2488 exemplo
582 2402 719 2465 illarum.
740 2399 745 2479 Ι

362 2486 495 2551 Hresrs.
542 2486 628 2573 Opto
657 2487 843 2572 exemplum
874 2507 985 2550 earum
1008 2487 1178 2554 moriendo
1202 2492 1312 2578 sequi.
1333 2494 1418 2581 tque

274 2593 402 2637 merear
424 2594 498 2636 oum
520 2575 570 2638 his
592 2574 801 2638 aeternaliter
822 2573 947 2637 laetari.
968 2576 973 2654 Ι

363 2659 521 2725 Srsrsurus.
566 2658 666 2735 Cede,
691 2658 771 2723 cede
794 2680 888 2723 meae
912 2660 1087 2744 suasioni!
1427 2666 1453 2729 Ι·

361 2744 493 2809 Hrcsrs.
539 2746 630 2810 Haut
652 2745 766 2809 cedam
789 2746 912 2809 lacinus
935 2745 1119 2823 suadenti!
1426 2762 1448 2801 ⁸

230 2824 248 2884 2
361 2830 518 2896 Srsrxsrus.
574 2832 608 2896 Si
640 2853 703 2896 non
733 2834 882 2912 cesseris,
917 2853 981 2896 non
1014 2834 1112 2898 citum
1145 2834 1207 2900 tibi
1212 2836 1412 2987 upraestabo

276 2919 409 2999 exitum,
433 2918 491 2982 sed
514 2917 660 2982 differam
685 2924 719 2982 et
741 2939 825 2982 nova
847 2921 880 2983 in
904 2918 972 2982 dies
994 2920 1155 3005 supplicia
1178 2943 1211 2986 m
1250 2922 1409 3009 tiplioabo.

307 3090 328 3154 b
360 3004 493 3069 Husssa,
540 3003 667 3079 Quanto
691 3007 795 3069 acrius
810 3012 973 3091 torqueor,
993 3006 998 3090 Ι
1018 3013 1108 3070 tanto
1125 3006 1303 3091 gloriosius
1322 3008 1409 3074 exal·

121 3184 254 3248 m-186.
273 3097 307 3155 ta
332 3090 518 3277 ‘'urar'srsrrcs.
565 3176 729 3262 Supplicia
752 3198 815 3240 non
830 3177 961 3240 metuis:
983 3178 988 3259 Ι
1008 3176 1204 3258 admovebo,
1228 3180 1319 3266 qnod
1337 3180 1406 3246 bor·
1418 3202 1438 3241 s

272 3268 493 3449 rescrsfillnffi
540 3348 700 3433 Quicquid
721 3349 880 3432 irrogabis
903 3348 1041 3429 aduersi,
1061 3354 1067 3432 Ι
1087 3348 1226 3416 evadam
1250 3352 1405 3417 iuvamina

227 3527 246 3586 3
273 3434 513 3585 Chnsstlsrlrrus.
552 3519 683 3583 Faciam
706 3527 738 3585 te
762 3519 804 3583 ad
826 3521 962 3605 lupanar
985 3519 1068 3602 duci,
1088 3520 1093 3605 Ι
1113 3541 1299 3609 corpusque
1321 3530 1402 3589 tau

271 3608 408 3692 turpiter
431 3607 636 3690 coinquinari.
659 3612 662 3681 Ι
1412 3632 1431 3675 s

356 3762 373 3811 ι’)
396 3763 480 3828 capite
502 3762 622 3812 Eumol:
646 3770 724 3828 caput
746 3762 774 3812 s'n
795 3778 885 3828 capere
907 3780 975 3814 corr.
996 3770 1057 3814 nal
1075 3762 1107 3812 ll
1123 3760 1193 3829 (sic),
1211 3780 1307 3833 caper·
1319 3766 1400 3833 Μ.

269 3832 451 3967 ῗέξξὶῖζζὶἲῦ
462 3835 478 3881 2
559 3830 589 3882 13
607 3832 695 3882 aethre
713 3831 749 3881 rie
766 3830 800 3880 ll
871 3829 904 3882 14
913 3848 965 3897 sqq.
981 3840 1040 3898 post
1057 3848 1164 3899 corpora
1180 3834 1399 3903 immam

356 4038 372 4087 9
396 4041 430 4104 cs.
451 4037 542 4103 Sop.5
559 4038 620 4098 §24
639 4046 663 4087 st
680 4036 762 4087 Prud.
781 4038 861 4101 crept.
877 4041 940 4099 7,56
961 4037 1029 4090 'lesu
1051 4036 1253 4107 cunctipotsma’
1266 4042 1314 4103 ait
1333 4038 1398 4093 ‘ha

269 4125 393 4171 umquam
418 4109 465 4157 tibi
489 4107 573 4172 gloria
597 4107 660 4157 haec
683 4116 722 4156 cst
744 4107 848 4157 insolita
869 4116 915 4157 aut
936 4123 1028 4158 noua.
1049 4143 1082 4157 ..
1105 4106 1150 4171 (rb.
1167 4126 1192 4161 ν.
1208 4108 1255 4174 79)
1275 4110 1398 4165 abab..

269 4192 364 4241 precor.
384 4178 485 4241 optime,
505 4177 582 4226 huius
594 4192 663 4227 nunc
682 4177 783 4226 atrimae
795 4169 894 4226 moras'
963 4174 999 4227 20
1015 4178 1050 4243 cs.
1069 4176 1163 4243 Sapd
1179 4178 1249 4240 §ra
1318 4176 1398 4245 164.

270 4244 351 4294 Prud.
365 4245 442 4311 steph.
455 4250 479 4305 2,
488 4248 537 4296 333
554 4246 597 4297 sed
616 4263 667 4296 nou
681 4246 776 4295 volenti
794 4246 936 4311 impertiam
949 4256 1094 4312 praestetur
1110 4256 1140 4299 ut
1151 4250 1243 4301 mortis
1258 4250 1328 4302 citas
1338 4264 1398 4301 cur

269 4315 407 4381 pendicsus
426 4316 511 4365 exitus
532 4353 537 4364 .
557 4354 563 4365 .
583 4353 588 4363 .
609 4316 687 4364 vitam
706 4315 796 4365 tenebo
814 4326 840 4366 et
857 4316 972 4366 differam
991 4317 1080 4383 poenis
1096 4332 1228 4369 morarum
1245 4319 1361 4387 ingibu-
