2910 5024
528 371 583 427 15.
605 369 772 439 Theophilus.

190 546 353 631 Tempore
376 544 485 609 indicii
507 545 608 608 multo
632 543 812 608 discrimine
836 543 948 624 laedi,-

191 633 224 698 Si
245 652 330 696 nunc
352 630 511 717 praedoni
532 650 596 694 non
620 638 671 694 est
693 631 855 694 abstracta
878 629 1000 694 feroci.³

229 718 291 783 His
314 717 416 798 dictis,
440 718 540 782 oculis
563 719 680 780 iterum
703 717 858 801 vigilabat
881 718 1001 802 apertis

190 805 230 870 Et
253 826 288 870 se
311 810 530 890 prosternens,
553 804 704 889 precibus
726 805 840 868 crebro
865 824 993 889 quoque
1017 802 1150 885 deflens,

190 889 367 960 Ieiunando
391 892 486 955 trium
509 911 619 955 cursus
642 891 711 974 agit
733 911 810 975 ergo
835 889 968 955 dierum.

192 979 268 1042 Post
289 978 373 1041 haec
396 997 414 1041 1
438 998 551 1041 somno
574 998 646 1040 cum
668 978 808 1041 surrexit
829 997 923 1041 mane
947 996 1080 1057 summo,

189 1064 315 1129 Invenit
336 1065 475 1149 positam
499 1084 595 1148 supra
618 1085 677 1127 sua
699 1070 832 1148 pectora
855 1069 986 1127 cartam.

191 1149 261 1224 Qua
284 1151 355 1215 visa
377 1151 530 1214 membris
553 1171 632 1214 mox
655 1150 847 1214 contremuit
869 1150 1018 1213 resolutis

189 1236 230 1301 Et
252 1244 364 1322 grates
388 1237 515 1300 Christo
539 1236 643 1299 cordis
666 1235 827 1300 reddebat
849 1235 890 1299 ab
913 1236 979 1298 imo

190 1326 216 1387 A
255 1344 297 1388 ue
320 1324 458 1410 puellari
480 1324 602 1408 pariter
625 1320 744 1386 Christi
766 1322 922 1406 genitrici.
1217 1321 1266 1389 101·
1287 1327 1329 1376 ⁵⁶¹

260 1416 311 1475 ost
334 1410 414 1474 haec
437 1430 577 1495 namque
601 1408 654 1472 die
677 1428 768 1472 sacra
790 1408 930 1472 feliciter
952 1415 1031 1486 orta,

191 1495 281 1570 Quae
305 1496 444 1560 trahite
468 1495 598 1559 domino
622 1515 738 1558 nomen
760 1495 948 1559 venerabile
972 1514 1107 1575 summo,

191 1583 292 1647 Intrat
314 1583 347 1646 in
370 1583 541 1647 ecclesiam
563 1583 691 1667 populis
714 1601 757 1645 111
779 1602 869 1645 more
892 1582 1061 1667 repletam,

190 1669 226 1733 ln
249 1690 314 1755 qua
336 1675 412 1733 tunc
435 1670 519 1732 inter
541 1688 652 1732 sacrae
676 1669 870 1752 sollempnia
892 1669 1009 1731 missae

190 1757 343 1821 dstantes
366 1756 572 1839 ewangelicis
594 1755 724 1840 praesul
747 1754 844 1819 docet
866 1756 956 1835 orsis,

190 1841 240 1922 ut,
264 1863 373 1907 coram
396 1844 517 1906 cunctis
541 1862 664 1905 sacram
686 1848 866 1926 prostratus
889 1840 1053 1919 adaram,

189 1928 342 1994 lliusdem
365 1949 493 2014 quoque
517 1928 676 2013 pontificis
699 1927 779 1991 dans
802 1928 911 1992 oscula
933 1927 1061 2013 plantis,

189 2015 277 2080 Voce
301 2016 410 2102 palam
429 2016 516 2079 clara
538 2015 680 2079 narravit
702 2015 743 2079 ab
768 2015 879 2080 ordine
904 2022 1028 2094 cuneta,

191 2101 281 2176 Quae
303 2103 355 2168 vel
378 2101 551 2166 mortiferis
575 2103 643 2186 egit
665 2102 768 2166 victus
791 2101 932 2166 suadelis

190 2188 252 2254 Vel
274 2209 358 2275 quae
382 2195 541 2274 perpetua
563 2189 680 2252 meruit
701 2195 856 2274 poscente
880 2188 998 2272 puella.

190 2275 282 2340 Haec
304 2276 360 2340 nbi
383 2276 562 2360 composita
584 2275 680 2360 plene
704 2275 814 2339 retulit
836 2276 972 2354 ratione,

190 2363 345 2436 Antiates,
369 2362 446 2426 facti
469 2369 573 2427 tactus
596 2369 719 2426 terrore
743 2361 903 2446 stupendi,

188 2450 318 2514 Intonat
340 2449 390 2512 his
413 2449 520 2513 verbis
543 2449 687 2512 mirantis
709 2469 789 2512 voce
812 2447 964 2533 profusis:

230 2534 358 2601 ‘Cuncti
380 2534 561 2619 gaudentes
584 2535 646 2599 huc
668 2536 732 2598 iam
756 2542 928 2620 properate
951 2531 1075 2608 fideles,

190 2620 232 2685 Et
254 2623 320 2772 pia
343 2622 430 2685 facta
454 2622 507 2685 dei
529 2621 698 2685 laudantes
721 2628 830 2685 mente
853 2621 951 2696 fideli,

190 2671 251 2773 011
288 2717 321 2773 11
344 2710 409 2772 iam
433 2707 596 2772 dominum
619 2709 748 2794 propria
770 2709 893 2793 pietate
916 2707 1092 2790 benignum

189 2794 227 2858 In
249 2795 337 2859 loeto
362 2794 519 2860 delectari
539 2815 714 2879 numquam
737 2796 900 2874 scelerosi,

190 2880 256 2945 Sed
278 2882 350 2967 plns
373 2882 536 2946 conversis
558 2883 659 2945 vitam
681 2880 758 2945 dare
782 2882 868 2946 velle
892 2880 1042 2944 futuram.

187 2965 257 3045 Eia,
282 2967 391 3033 dilecti
414 2968 541 3048 fratres,
564 2967 722 3032 intendite
745 2968 859 3048 cuncti,

188 3052 295 3126 Quam
316 3056 369 3139 pie
391 3062 566 3139 peccantes
590 3053 737 3118 dominus
760 3054 879 3117 tolerat
901 3052 1005 3116 bonus
1029 3070 1150 3130 omnes,

189 3138 279 3214 Quos
301 3143 361 3206 scit
383 3142 528 3205 converti
550 3147 625 3226 post
648 3142 750 3205 tristia
773 3140 859 3204 facta
880 3136 987 3224 piacli.

188 3225 268 3299 Quis
289 3249 354 3291 non
375 3229 519 3306 miretur,
543 3229 613 3313 quis
636 3249 700 3291 non
723 3228 860 3312 supplex
882 3228 1056 3289 veneretur

185 3313 399 3378 Laudandam
421 3316 533 3379 mitem
556 3314 685 3379 dulcem
709 3311 829 3377 Christi
852 3313 1019 3397 pietatem,

187 3400 286 3465 lllum
307 3408 504 3486 quaerentes
526 3421 656 3487 semper
680 3420 743 3485 qua
766 3400 915 3463 sublevat
939 3401 1070 3461 omnes?
1223 3395 1272 3463 101·
1284 3399 1330 3449 55'

188 3485 253 3560 Qui
274 3488 340 3551 iarn
364 3487 548 3553 criminibus
570 3489 728 3552 miserans
751 3486 908 3572 parcebat
932 3490 965 3548 et
987 3483 1081 3548 huius

187 3571 205 3637 I
230 3574 294 3637 sius
316 3574 448 3639 illustris
470 3573 620 3660 precibus
644 3580 841 3659 sanctaeque
865 3572 1018 3657 parentis,

218 3680 254 3724 er
276 3681 373 3746 quam
395 3667 530 3726 naturae
554 3662 651 3746 periit
674 3660 857 3725 maledictio
880 3666 1009 3723 nostrae

186 3743 231 3810 Et
252 3767 313 3831 per
335 3768 431 3834 quam
455 3747 574 3812 mundo
597 3749 685 3812 venit
708 3746 892 3812 benedictio
917 3749 1042 3809 cuncto.

165 3968 220 4025 375
237 3971 384 4038 nigilsbant
401 3970 432 4022 Μ
517 3969 569 4023 385
588 3945 691 4037 populis
707 3971 743 4021 cic
761 3969 795 4019 M
877 3965 930 4018 402
947 3973 1085 4032 peccantes
1102 3961 1188 4029 (prior
1204 3979 1220 4015 c

129 4041 192 4109 mo.)
210 4039 249 4106 li,
266 4048 422 4109 pecantcep
495 4037 547 4091 403
565 4040 674 4091 tristicia
692 4038 727 4088 M
802 4035 854 4090 404
872 4054 919 4089 nos
936 4036 1043 4086 mireum
1061 4032 1095 4084 Μ
1142 4049 1220 4085 usne

129 4131 149 4164 r
166 4110 203 4161 M
285 4108 338 4162 405
355 4110 463 4162 militem
481 4109 564 4176 M¹p¹‚
581 4107 687 4172 1111111111
705 4108 749 4159 Μ’
836 4104 887 4158 109
904 4106 980 4173 periit
998 4103 1034 4155 tic
1051 4102 1087 4154 M

165 4298 220 4352 383
235 4316 272 4365 sq.
294 4295 376 4349 Pauli
399 4315 421 4348 c.
435 4299 499 4360 3,15
516 4297 543 4348 in
570 4297 711 4348 crastinum
734 4312 796 4346 vero
819 4310 878 4346 cnm
901 4300 968 4345 essct
990 4292 1133 4344 dominicus
1156 4291 1219 4343 dias.

147 4365 305 4434 118111.
393 4363 556 4432 398111.ιῇ
581 4365 696 4431 Tbcopt.
709 4368 760 4416 150
768 4380 804 4429 sq.
