2910 5024
528 326 790 382 HROTSVITHAE
808 325 940 383 OPERA.
1007 339 1010 343 ’

272 502 336 567 Hic
358 502 415 567 ubi
438 501 618 587 Gongolfus
640 501 831 567 subsisteret
854 501 926 586 ipse
947 500 1075 582 beatus,

319 588 446 654 Coniux
469 589 590 654 lasciva
612 588 751 652 affuerat
773 588 895 661 subito;

276 674 381 749 Quam
405 695 483 739 mox
505 675 649 761 pacificis
672 674 791 738 affatur
813 672 954 759 denique
977 673 1097 756 verbis,

319 760 412 826 Talia
434 760 586 827 dictando
610 782 666 825 ore
689 762 767 826 satis
789 760 939 846 gravido:

273 848 383 913 ‘Parte
407 855 463 912 tua
485 848 605 912 famam
629 847 725 912 didici
748 867 909 934 persaepe
931 846 1104 919 domnam,

317 933 413 1008 Quod
435 941 585 1021 corrupte
607 941 679 998 toro
702 935 746 999 sis
768 935 853 998 male
877 934 904 997 si
926 933 1068 1020 proprio,

273 1020 397 1085 Differo
421 1021 481 1085 sed
503 1023 600 1105 vulgo
625 1027 775 1103 tractare,
799 1021 845 1084 tui
867 1018 1062 1100 miserando,

314 1107 429 1172 Donec
451 1108 535 1172 forte
558 1109 667 1189 sciam,
691 1114 783 1171 ts-ne
807 1107 905 1171 fuisse
928 1127 1034 1179 ream;

272 1193 343 1258 Nec
366 1194 495 1275 mando,
518 1195 652 1259 multam
674 1194 780 1258 subito
804 1213 995 1258 concurrere
1019 1191 1148 1257 turbam

315 1280 462 1345 Accitam
483 1279 591 1346 flendo
613 1280 756 1365 undique
779 1280 924 1361 concilio,

271 1365 316 1430 Ut
339 1368 448 1430 volvat
470 1387 588 1452 gnarus
610 1367 719 1432 subtili
741 1372 828 1431 sorte
851 1373 981 1432 senatus

316 1450 457 1517 Causam
478 1455 630 1519 terribilis
654 1459 688 1517 et
709 1453 859 1518 meritum
882 1452 1027 1518 sceleris:

272 1538 339 1603 Sed
361 1539 516 1623 suadebo,
539 1562 668 1605 manum
692 1539 841 1604 dextram
865 1546 897 1604 tc
920 1539 1069 1624 tinguere
1093 1541 1232 1600 tantum

315 1627 500 1691 Praesentis
523 1628 646 1713 limpha
668 1626 814 1691 fonticuli
860 1625 962 1698 elida;

270 1711 322 1791 Et,
346 1714 459 1777 sinon
482 1713 587 1778 subito
612 1712 744 1799 dampni
770 1647 858 1798 quid
869 1712 1004 1797 contigit
1026 1729 1117 1795 ergo,

314 1799 407 1864 Ultra
428 1799 545 1865 iudicio
570 1821 634 1864 non
658 1820 739 1884 opus
762 1807 813 1864 est
835 1799 919 1864 alio.²

273 1885 366 1959 Quae
390 1894 475 1966 tunc,
499 1888 571 1972 plus
594 1888 678 1950 iusto
703 1886 868 1951 confidens
890 1883 988 1950 corde
1011 1881 1164 1969 superbo,

316 1970 529 2038 confortante
552 1994 645 2037 suam
669 1972 827 2037 daemone
851 1971 1013 2053 duritiam,

269 2058 384 2122 Fundo
406 2058 560 2124 nudatam
585 2061 756 2124 committit
777 2058 917 2145 denique
940 2057 1095 2159 palmam,

314 2144 368 2209 Nil
391 2167 525 2230 sperans
549 2146 656 2210 damni
679 2166 775 2231 posse
798 2146 858 2210 sibi
880 2146 961 2210 fien.

271 2231 360 2296 Inter
383 2232 540 2317 frigoreas
563 2232 680 2297 ardens
703 2232 763 2297 sed
785 2233 942 2317 comperit
963 2226 1077 2308 undas,

313 2318 399 2392 Quid
420 2326 532 2404 posset
553 2322 653 2383 nostri
677 2319 814 2384 dextera
837 2319 925 2383 celsa
946 2316 1016 2383 dei:

269 2403 400 2470 Scilicet
421 2407 453 2470 in
476 2405 616 2470 madidis
639 2406 749 2470 audax
770 2405 909 2470 ardebat
930 2403 1072 2481 harenis,

313 2491 425 2556 Uritur
447 2500 480 2557 et
502 2494 639 2557 flammis
662 2495 780 2557 acriter
801 2491 981 2577 aequoreis,

268 2576 311 2641 Et
334 2599 417 2664 quae
440 2580 581 2664 pacificis
605 2579 728 2643 fastidit
752 2578 869 2643 cedere
892 2578 1011 2657 verbis,

313 2663 447 2749 Cogitur
470 2674 624 2730 aeternae
648 2665 767 2730 cedere
789 2666 942 2730 iustitiae.

268 2817 296 2882 Ο
320 2838 449 2902 semper
471 2820 571 2882 nostri
594 2819 696 2883 facilis
720 2819 854 2883 mutatio
879 2817 1008 2902 Christi,

313 2903 341 2968 O
364 2904 464 2968 virtus
488 2906 562 2969 iusti
585 2905 698 2969 iudicis
721 2926 827 2990 aequa
851 2904 918 2970 dei!

266 2989 361 3071 Nam,
384 3011 468 3076 quae
491 2991 641 3056 iactando
665 2992 760 3055 tinxit
785 3012 831 3074 se,
854 2992 944 3057 triste
968 2992 1109 3059 dolendo

309 3076 463 3142 Exuritur
485 3079 575 3142 tincti
598 3079 750 3164 pellicula
771 3078 910 3152 brachii;

269 3164 338 3228 Nee
360 3185 462 3247 mora,
486 3186 557 3229 cum
581 3166 723 3249 palmam
746 3165 866 3240 retulit,
891 3164 980 3251 quod
1003 3165 1087 3232 forte
1110 3168 1271 3254 negari·

309 3251 455 3314 Portavit
478 3251 610 3315 crudum
634 3252 773 3316 criminis
796 3251 958 3316 indicium.

266 3335 327 3399 His
354 3338 399 3400 ite
422 3337 565 3422 digestis,
589 3341 715 3423 pavitat
736 3358 827 3402 mens
850 3340 979 3404 conscia
1001 3338 1133 3407 fraudis.

172 3474 182 3484 .
309 3423 403 3486 Ultra
426 3446 486 3488 nec
508 3426 613 3489 victae
637 3446 712 3511 spes
735 3425 841 3489 fuerat
864 3426 989 3505 veniae,

267 3508 408 3573 Tantum
431 3518 520 3575 certa
543 3513 624 3576 mori
648 3512 928 3597 corruptelamque
952 3512 1034 3599 piari

311 3595 440 3660 Loetali
463 3619 570 3682 poena
594 3600 682 3663 ocius
705 3600 863 3684 apposita.

244 3800 294 3852 387
322 3804 383 3853 hubi
411 3803 472 3868 M¹p
576 3803 628 3855 392
656 3815 775 3873 corrupto
793 3805 854 3870 31¹1)
959 3802 1010 3856 397
1037 3808 1103 3858 forte
1128 3805 1171 3858 11:
1196 3814 1271 3857 eor*

159 3869 210 3922 400
229 3874 342 3923 sorticuli
360 3872 390 3922 M
464 3871 516 3924 406
534 3891 595 3940 pose
614 3873 656 3923 Μι
730 3874 781 3926 409
799 3876 909 3926 harenas
928 3874 961 3924 M
1033 3873 1086 3926 416
1103 3876 1166 3943 sort
1185 3877 1271 3927 aa·

242 4043 294 4095 392
311 4048 332 4096 si
352 4047 367 4095 i.
381 4063 401 4096 e.
420 4063 473 4096 nors
491 4045 537 4113 (cf.
556 4047 610 4097 ind.
626 4048 758 4112 pronam).
828 4047 880 4100 394
897 4066 960 4098 rrum
977 4065 1024 4100 rea
1035 4050 1128 4116 surio.
1195 4042 1258 4102 411

158 4113 307 4179 (leupario.
377 4114 429 4167 415
447 4118 481 4181 cf.
495 4117 578 4181 Gonp.
591 4119 647 4168 374.
717 4115 1026 4184 418cs.00np.581uq.
1107 4117 1271 4186 mun-⁶

156 4185 341 4234 contractione
359 4187 393 4250 cf.
413 4186 495 4250 Ooup.
508 4188 618 4252 379rqq.
639 4195 662 4237 ct
679 4186 845 4237 Lacbmunui
863 4188 926 4239 adn.
944 4188 981 4238 cd
999 4188 1079 4254 Prop.
1093 4187 1141 4239 IV
1154 4187 1222 4252 8,13
1236 4180 1271 4240 (¹

156 4252 225 4302 adde
246 4252 317 4303 Ocicl.
335 4254 388 4304 ber.
410 4258 433 4317 9,
445 4256 477 4306 33
486 4255 543 4320 cp).
613 4254 664 4306 419
683 4258 717 4321 cf.
737 4255 808 4307 Mar.
827 4260 880 4307 659.
951 4255 1001 4308 421
1021 4259 1057 4323 cs.
1074 4257 1146 4326 νας.
1164 4259 1226 4308 Aen.
1258 4263 1271 4293 Α

155 4325 203 4372 664
221 4330 291 4372 certa
308 4324 380 4374 mori.
