2910 5024
590 360 603 415 1
621 360 646 415 a.
664 359 761 429 aym.

219 535 342 622 Optulit
366 540 399 598 et
421 539 547 600 vestem
571 532 666 597 niveo
690 531 862 618 splendore
886 534 1058 598 micantem

217 623 293 687 Eius
315 640 488 687 mensurae
512 619 747 684 conformatam
770 620 848 684 satis
870 626 957 706 apte.

216 708 286 774 Hac
308 707 423 773 induta
446 705 578 792 quidem
601 705 721 771 dmexit
743 705 785 770 ad
807 706 942 771 aethera
963 727 1088 789 rocem,

216 795 355 860 Assidue
379 800 488 880 grates
512 792 641 858 Christo
664 792 845 857 resonando
869 813 995 872 suaves,

218 882 316 947 Cuius
340 901 437 966 opem
461 881 543 944 tanti
565 881 667 944 sensit
689 879 749 944 sub
772 879 860 944 fasce
883 881 1005 965 pericli,

218 967 315 1034 euius
340 976 374 1032 et
395 967 516 1031 auxilio
539 967 646 1030 tuerat
668 973 816 1051 protecta
838 975 984 1052 paterno,

216 1055 265 1120 Ne
287 1061 401 1142 posset
422 1053 543 1118 veteris
565 1053 727 1140 corrumpi
748 1052 915 1117 fraudibus
937 1053 1048 1117 hostie.

257 1142 390 1206 Interea
411 1142 545 1204 iuvenes
568 1145 701 1203 caecato
725 1139 822 1204 corde
845 1141 990 1204 furentes

213 1227 364 1314 Undique
389 1227 532 1293 collectis
555 1227 672 1290 cursim
693 1246 814 1290 venere
837 1227 986 1305 catervis,

218 1314 389 1379 certantes
412 1312 519 1378 studio
543 1332 717 1398 perversae
740 1313 858 1377 mentis
880 1313 1001 1398 iniquo,

217 1401 295 1475 Quis
316 1402 405 1487 prior
426 1400 562 1464 intraret
583 1399 637 1464 rel
660 1400 730 1485 quis
753 1398 938 1485 perdiscere
961 1404 1081 1485 posset,
1242 1407 1291 1474 sol.
1306 1409 1354 1459 73¹

216 1488 267 1551 An
289 1489 381 1571 virgo
404 1486 536 1551 suffulta
558 1487 607 1550 sui
629 1486 805 1550 munimine
829 1483 946 1550 Ohristi

215 1573 318 1656 Haec,
343 1594 426 1659 quae
450 1573 596 1637 carnales
619 1592 749 1658 semper
771 1573 966 1658 contempsit
988 1589 1125 1651 amores,

217 1661 287 1725 lam
309 1681 393 1725 nuuc
415 1662 545 1746 incepto
568 1665 681 1744 posset
702 1660 877 1745 persistere
898 1664 986 1723 voto.

216 1746 285 1813 Nec
307 1767 408 1828 mora,
432 1753 640 1831 cognoscunt,
662 1766 723 1810 nec
747 1745 967 1810 contradicere
990 1748 1135 1829 possunt,

217 1832 312 1907 Quod
333 1853 510 1917 numquam
532 1834 665 1918 longum
689 1833 760 1918 quis
782 1830 995 1896 confundetur
1016 1829 1049 1892 in
1071 1847 1198 1909 aerum,

218 1919 280 1994 Qui
302 1920 438 1985 credens
462 1919 592 1984 domino
615 1919 707 1984 firma
729 1939 787 2004 spe
809 1917 933 2004 pendet
953 1919 987 1981 in
1008 1915 1081 1988 illo;

215 2006 299 2072 Nem
323 2008 526 2093 quicumque,
551 2026 610 2070 sua
633 2005 816 2092 compulsus
836 2011 946 2069 mente
969 2000 1120 2087 superba,

216 2092 403 2178 Ingreditur
423 2093 525 2179 turpis
547 2092 691 2157 latebrae
713 2092 903 2156 temerarius
926 2089 1026 2169 aedis,

216 2180 259 2244 Ut
281 2178 390 2244 radios
412 2180 493 2244 lucis
515 2177 596 2242 vidit
617 2179 697 2242 mire
720 2179 889 2259 rutilantis,

216 2267 394 2351 Angelicae
417 2264 679 2352 praefulgentem
701 2267 864 2350 vestisque
887 2264 1036 2346 nitorem,

217 2352 391 2439 correptus
413 2353 496 2437 signi
518 2353 617 2416 nimio
640 2359 763 2416 terrore
787 2350 937 2437 stupendi

216 2439 401 2504 Prostratus
423 2459 535 2503 sacrae
580 2439 675 2502 lautis
700 2437 856 2525 extimplo
878 2439 1008 2523 puellae

215 2526 372 2606 Postulat,
396 2545 541 2589 errorum
557 2460 667 2589 danari
687 2525 792 2588 vincla
813 2544 954 2602 suorum,

217 2613 443 2697 Testaturqua
467 2611 564 2675 deum
586 2632 699 2675 rerum
721 2611 791 2675 fore
813 2612 883 2674 iure
906 2611 1087 2694 colendum,

216 2699 294 2763 Eius
318 2700 457 2764 cultores
480 2698 535 2783 qui
558 2697 776 2763 consolabitur
798 2717 924 2771 omnes,

216 2785 332 2872 Sicque
354 2786 445 2849 locus
467 2785 626 2849 scelerum
649 2784 763 2848 domus
786 2783 923 2848 efficitur
944 2784 1157 2868 precularum

216 2872 363 2936 Tandem
385 2872 543 2958 praelecti
565 2877 659 2936 uatus
680 2872 769 2934 venit
792 2870 877 2934 male
899 2891 1005 2952 sanus,

215 2957 314 3023 Cuius
337 2959 485 3022 sustinuit
507 2978 604 3021 causa
626 2958 691 3022 vim
712 2958 803 3043 virgo
824 2957 933 3021 beata.

216 3045 280 3119 Qui
301 3066 381 3109 mox
402 3046 566 3130 ingressus
588 3043 707 3108 ridenti
730 3043 827 3108 corde
849 3043 992 3107 misellus

213 3132 284 3196 Nec
307 3130 390 3195 dixit
411 3131 541 3195 laudem
563 3130 692 3194 domino
715 3150 776 3195 nec
798 3129 905 3194 reddit
926 3129 1092 3210 honorem,

217 3218 331 3282 Gratia
352 3217 496 3282 tristifico
521 3219 611 3282 cuius
632 3216 782 3282 radiebat
804 3217 836 3280 in
858 3220 960 3296 antro,

215 3304 285 3370 Sed
307 3303 534 3369 detestabilem
556 3305 662 3369 laetus
684 3303 841 3367 tendebat
862 3303 895 3365 iu
918 3301 1045 3382 aedem,

192 3492 243 3545 231
263 3492 328 3559 alsait
345 3494 384 3556 M,
401 3494 527 3559 sitiscitp
617 3489 668 3545 233
686 3502 788 3545 ueteres
805 3491 850 3542 Μι
927 3489 980 3543 240
996 3492 1024 3542 in
1041 3499 1130 3560 coepto
1149 3490 1244 3551 Oetes,-

131 3565 214 3628 [opp.
226 3563 264 3613 aa
275 3563 338 3614 Bos.
347 3566 398 3615 123
457 3560 508 3615 247
521 3571 634 3615 tutorem
646 3560 679 3611 M
739 3560 792 3614 253
803 3561 921 3628 pculariil
932 3556 976 3611 M¹
1036 3559 1087 3614 256
1099 3561 1200 3613 miselld
1212 3561 1248 3611 M

131 3630 161 3686 58
177 3633 292 3684 rediebat
304 3632 356 3697 dP,
374 3633 491 3685 rediebat
507 3632 581 3697 M’p:
599 3631 702 3683 correcti
718 3626 766 3698 (cf.
790 3629 898 3694 slbcabe,
917 3629 948 3681 P.
960 3628 988 3682 0.
1001 3630 1162 3696 tornlIIp.
1175 3631 1244 3697 726),·

131 3703 228 3754 tdisbat
247 3701 328 3753 Celtae
413 3700 466 3754 259
488 3701 666 3753 detestabilem
679 3699 716 3765 ρ’
738 3698 785 3764 (sic
809 3696 946 3751 laudibilis
964 3699 1060 3765 lyae
1076 3700 1147 3766 etc.):
1168 3700 1200 3752 dc
1217 3707 1244 3751 te

131 3770 534 3837 ahilam(')d{,·cf.procs.
558 3768 1112 3833 ttor511§4,1>alc.o§1,oal.7§2,
1136 3766 1242 3833 Pasm

135 3845 183 3901 26,-
200 3841 286 3892 mocio
304 3856 341 3890 an
359 3840 469 3891 imitetur
482 3839 616 3892 Aldbclmi
634 3855 698 3905 epac
716 3839 748 3890 de
766 3838 838 3889 laud.
855 3839 917 3906 airy.
931 3855 962 3904 p.
972 3842 1019 3890 ὅδε
1036 3838 1154 3903 quamvis
1172 3839 1244 3889 reati·

189 4011 245 4065 230
262 4013 297 4079 cs.
315 4012 387 4062 Har.
401 4014 452 4065 188
460 4028 497 4077 eq.
600 4009 653 4064 234
670 4012 705 4078 cs.
728 4011 843 4077 Theopb.
856 4015 897 4063 82.
1002 4006 1055 4062 235
1071 4010 1106 4077 cs.
1124 4008 1206 4062 nort.
1223 4012 1242 4063 1.

138 4087 206 4136 1967
224 4082 269 4146 (dc
287 4099 308 4133 ο.
326 4081 436 4148 Apnete)
460 4090 524 4133 tuuc
545 4097 638 4148 procus
663 4082 769 4133 advenit
790 4082 871 4133 densa
888 4080 1026 4131 comitante
1044 4087 1161 4139 caterva·
1184 4078 1242 4133 Pa-

131 4156 198 4205 nbr.
212 4155 264 4217 2,9
280 4151 429 4217 simpliciter
447 4166 506 4202 cum
523 4151 655 4203 sodalibus
673 4152 727 4202 auis
745 4151 898 4202 iuvenculis.
972 4145 1025 4199 242
1041 4149 1077 4215 cs.
1097 4149 1169 4201 Gall.
1181 4149 1202 4199 I
1210 4153 1244 4201 12

131 4228 154 4287 9,
167 4223 252 4290 prim.
264 4224 315 4272 242
332 4219 527 4284 (ecclesiaticae
544 4223 608 4284 2,11
630 4221 693 4286 quia
710 4221 799 4272 nullus
817 4221 931 4287 speravit
946 4219 974 4269 in
991 4218 1123 4270 dominum
1140 4226 1167 4271 et
1183 4235 1243 4271 cou-

131 4310 178 4346 sus
198 4298 253 4356 est,·
274 4290 367 4343 Sedet
387 4288 464 4341 Secu.
482 4307 503 4341 o.
516 4292 599 4354 56,ae
618 4289 648 4340 Ρ.
662 4289 688 4341 0.
708 4297 764 4340 tom.
779 4289 871 4354 1111).
886 4292 934 4341 214
955 4289 983 4338 in
1000 4295 1026 4339 tc
1042 4295 1174 4355 sperantes
1191 4305 1243 4340 non

131 4363 297 4417 ufundemur
315 4361 344 4411 in
361 4360 476 4425 aarum).
563 4356 616 4410 248
634 4359 669 4426 cf.
687 4360 755 4425 Apa.
769 4360 825 4412 333.
912 4355 964 4411 256
981 4353 1018 4423 cs.
1035 4357 1100 4409 Bae.
1113 4361 1150 4411 97.

1055 4437 1088 4497 ¹10
