2910 5024
367 690 586 758 HISTORIA
607 689 901 757 NATIVITATIS

242 794 609 870 LAUDABMSQUE
632 793 1023 860 OONVIIRSATIONIS

324 899 551 967 INTAOTAE
579 898 659 965 DEI
686 896 942 963 uuuluulffls

338 1003 467 1079 QUAM
489 1001 715 1068 SORIPTAM
736 1000 930 1066 REPPERI

307 1106 391 1174 SUB
416 1105 590 1173 NOMINE
620 1104 782 1171 SANO'H
807 1103 962 1171 IAOOBI

437 1209 631 1277 FRATRIS
653 1207 829 1277 DOMINI.

198 1403 296 1468 Uarus
319 1422 388 1466 sans
411 1420 502 1465 nunni
525 1421 715 1466 nouissima
738 1420 857 1465 incurri
878 1419 964 1464 esau

244 1488 364 1553 Sancta
384 1506 501 1572 parens
524 1487 620 1573 regia,
643 1486 751 1551 lucida
773 1485 869 1551 stella
891 1486 999 1567 maris,

198 1575 287 1650 Quae
310 1594 427 1661 parens
449 1572 569 1638 mundo
591 1573 788 1652 restaurasti,
812 1573 865 1658 pia
887 1573 990 1656 virgo,

243 1662 365 1742 Vitam,
387 1680 483 1746 quam
506 1660 596 1745 virgo
618 1659 808 1745 perdiderat
830 1658 956 1722 vetula!

198 1746 246 1812 Tu
268 1746 400 1833 dignare
424 1753 500 1810 tuae
523 1746 664 1810 famulae
688 1745 865 1812 clementer
886 1743 1003 1809 adesse

244 1832 456 1898 Hrotsmthae
477 1833 561 1897 rotis
585 1833 832 1918 carminulisque
854 1831 956 1911 novis,

200 1920 290 1993 Quae
313 1919 372 1984 tibi
394 1920 555 1984 femineae
578 1918 684 1984 studio
707 1919 884 1983 famulante
908 1936 1063 1982 camenae

245 2008 316 2073 Iam
340 2006 478 2092 supplex
501 2005 640 2070 modulis
662 2006 791 2071 succino
816 2004 982 2085 dactilicis,

199 2093 375 2180 Ereptum,
399 2093 451 2158 vel
474 2094 657 2157 summatim
680 2093 840 2177 attingere
864 2091 971 2155 saltim

243 2180 365 2245 Laudis
387 2179 587 2265 particulam,
610 2180 713 2264 virgo,
736 2185 812 2244 tuae
834 2178 1009 2258 minimam,

199 2265 295 2332 Ortus
317 2272 416 2352 atque
440 2267 486 2329 tui
509 2265 685 2352 primordia
707 2267 794 2331 clara
815 2265 905 2329 beati

243 2352 379 2419 Necnon
401 2354 544 2437 regalem
568 2373 711 2439 pangere
735 2353 935 2439 progeniem.

196 2439 269 2505 Hoc
291 2447 401 2504 tamen
423 2459 563 2524 agnosco
586 2440 719 2524 fragiles
743 2439 904 2505 excedere
926 2437 1022 2517 vires,

242 2526 289 2592 Ut
310 2531 469 2612 temptem
492 2525 588 2590 laude
611 2533 644 2590 ts
667 2527 784 2591 merita
807 2545 936 2606 canere,

196 2614 303 2699 Digne
326 2634 385 2699 pro
408 2613 530 2677 meritis
553 2632 649 2698 quam
672 2619 759 2677 totus
781 2633 844 2676 non
868 2613 952 2677 canit
975 2608 1062 2674 erbis

243 2699 400 2784 Quaeque
423 2719 522 2785 super
543 2699 657 2764 laudes
679 2700 844 2785 angelicas
865 2700 994 2772 renites,

196 2786 290 2852 Hune
314 2787 390 2872 quia
412 2787 557 2872 virgineo
580 2787 717 2872 portasti
739 2793 852 2851 ventre
876 2785 987 2872 puella

242 2873 417 2955 Inclusum,
441 2880 556 2938 cuneta
579 2874 633 2958 qui
655 2874 739 2959 regit
760 2873 907 2959 imperio,

197 2958 282 3024 Olim
306 2959 365 3024 sed
387 2961 519 3024 stultum
543 2960 603 3023 fari
626 2961 680 3046 qui
702 2961 793 3024 iussit
816 2960 952 3024 asellum

242 3047 282 3111 In
304 3045 435 3111 landem
458 3047 560 3112 saneti
582 3048 720 3112 nominis
742 3048 797 3111 ille
820 3047 869 3111 sui

127 3164 218 3178 fi—

154 3236 249 3289 mnu.
279 3235 291 3300 ΙΙ
303 3250 419 3289 macru
437 3237 473 3288 sic
490 3237 526 3288 61
533 3237 545 3302 ΙΙ
637 3235 669 3288 15
691 3237 795 3304 pariens
815 3236 909 3298 Uellau
930 3236 976 3288 aad
997 3237 1032 3303 cs.
1054 3236 1118 3288 Lac.
1132 3242 1154 3302 1,
1166 3239 1201 3290 38

145 3307 235 3358 ancilla
251 3307 358 3370 domini,
375 3307 422 3358 flat
439 3307 503 3358 mihi
520 3306 664 3359 secuudum
682 3308 791 3359 verbum
809 3313 884 3357 tuum
902 3306 1040 3370 (Ircaacua
1053 3305 1107 3357 ΙΙΙ
1117 3310 1160 3372 22,
1171 3313 1200 3367 4,·

126 3371 228 3426 ἰῧσνὴκ
245 3372 279 3426 Ρ.
291 3374 319 3428 0.
339 3384 397 3426 tam
416 3376 433 3426 1
447 3389 476 3443 p.
489 3379 552 3436 4135
571 3375 672 3440 δάιον,
696 3371 848 3428 Nandildsr
864 3376 921 3426 aad
938 3373 1064 3426 Beiwarta
1081 3375 1201 3428 uariam

126 3443 170 3508 46)
246 3443 280 3496 17
298 3461 334 3510 sq.
353 3445 450 3508 adme,
468 3445 516 3498 Ην.
533 3462 572 3511 cp.
652 3442 684 3496 21
703 3447 765 3508 sort.
784 3446 950 3511 contingens,-
967 3446 1003 3509 cf.
1026 3443 1138 3511 Illaepli.
1151 3449 1201 3498 284

126 3514 240 3589 'quidem
255 3511 260 3581 Ι
276 3516 404 3580 attingere
422 3513 537 3580 timeat),
555 3511 664 3565 Paula'a.
677 3514 821 3567 Pctriccrd.
836 3514 872 3565 II
881 3518 932 3565 167
941 3516 1065 3566 mantum
1078 3516 1200 3582 exiguam

126 3595 155 3631 ua
170 3584 318 3650 contingere
335 3591 433 3650 partem
451 3584 547 3652 (Gorty.
561 3588 613 3635 627
628 3585 776 3637 summatim
794 3583 923 3650 tangere),
940 3591 1013 3650 pcata
1024 3583 1121 3635 Karola'
1139 3583 1201 3636 766

126 3649 159 3775 ἥθῄ
178 3660 237 3772 talpa.
257 3652 306 3703 IV
324 3669 354 3717 p.
375 3653 422 3719 60)
448 3654 562 3705 muneris
588 3654 647 3704 inde
674 3655 713 3705 tui
740 3669 933 3720 quamcumque
961 3661 1076 3706 retexere
1102 3660 1200 3721 partam

159 3737 172 3772 e

153 3892 245 3945 man
283 3892 317 3945 13
341 3890 378 3959 cs.
403 3893 473 3945 Mar.
492 3898 542 3946 617
562 3901 586 3946 at
610 3893 725 3946 Hucmcr
751 3893 789 3944 cd
814 3892 904 3946 Sedet.
928 3893 948 3943 I
964 3897 1005 3944 00.
1111 3889 1144 3944 14
1165 3894 1198 3959 cs.

126 3961 349 4026 ···‹1Alr.a§a
436 3961 469 4014 16
493 3965 527 4029 cf.
551 3963 614 4014 eda.
639 3964 675 4015 cd
697 3962 877 4030 Thespiai.
972 3961 1007 4014 20
1029 3962 1064 4028 cf.
1083 3961 1146 4013 ada.
1164 3962 1201 4012 cd

126 4029 176 4087 tu.
272 4030 353 4097 2309.
376 4028 412 4097 cs.
432 4033 512 4097 prim.
527 4033 599 4098 prol.
616 4036 677 4098 leq.
777 4029 811 4083 27
828 4034 864 4099 es.
883 4031 953 4082 Mar.
963 4036 1015 4083 809
1032 4030 1137 4098 (dignus
1154 4036 1201 4098 pri>

125 4096 196 4151 ·Tar.
213 4100 277 4152 Heu
291 4101 360 4166 111,
373 4103 427 4167 12),·
450 4102 534 4153 Prad.
560 4102 647 4168 apolli.
662 4106 712 4154 706
736 4103 883 4154 summatim
906 4098 952 4165 (cs.
975 4119 998 4152 c.
1011 4099 1053 4168 21)
1079 4101 1116 4152 rel
1193 4140 1199 4162 ,

125 4178 215 4233 'tque
233 4188 286 4223 non
304 4173 372 4238 capit
389 4172 457 4223 orbis
475 4169 522 4237 (cs.
540 4181 602 4238 pue.
614 4172 665 4236 00).
736 4169 1110 4238 clarummontem.
1151 4174 1201 4223 602

126 4238 282 4292 tammam
293 4242 339 4307 qui
351 4242 399 4292 furi
410 4242 487 4292 inuit
497 4241 603 4292 asellam
615 4257 685 4291 more
697 4241 838 4304 hominum,
855 4241 979 4292 intactum
991 4241 1067 4291 iussit
1111 4256 1200 4292 narare

125 4299 272 4430 ”pum
285 4309 583 4443 22,28:¹)ef.13endioeaa
596 4310 631 4360 11
642 4327 671 4376 p.
684 4309 749 4360 24¹⁸
766 4318 790 4360 cl
808 4310 929 4376 Zappcrt,
949 4309 1044 4376 Vsrps'ls
1087 4309 1200 4360 michea

249 4397 265 4429 r
277 4395 308 4445 p.
324 4381 373 4431 29⁸
400 4418 406 4431 .
