2910 5024
155 345 209 399 224

156 628 194 667 686

161 3642 200 3681 ΠΟ

521 340 782 397 HROTSVITHAE
800 338 932 395 OPERA.

264 516 425 579 Primates
448 516 540 599 regni
563 514 714 599 propriae
737 511 880 577 subdens
902 510 1027 576 ditioni.

266 602 327 666 His
351 621 480 686 quoque
504 601 674 685 completis
696 601 788 664 iuxta
809 606 987 699 votumque
1008 597 1139 679 locatis,

263 687 314 752 Ne
338 686 547 772 Beringarius
569 707 705 772 regnum
727 692 859 772 raperet
880 685 941 751 sibr
963 704 1105 767 rursum,

267 773 453 838 conradum
476 794 549 838 cum
571 794 636 837 uon
659 772 771 860 paucis
795 792 838 836 ex
860 771 991 858 agmine
1014 772 1111 836 lectis
1238 790 1276 835 cs

267 861 305 925 Iu
328 859 432 944 Papia
453 859 597 924 residere
621 859 738 923 ducem
759 859 853 922 iussit
874 858 1071 945 sapientem,

269 945 329 1010 eui
352 945 538 1010 veneranda
561 966 639 1010 suae
664 943 801 1009 dederat
822 944 986 1009 consortia
1007 952 1126 1015 natae;

267 1033 408 1117 Ipseque
432 1033 584 1096 contiuuo
607 1030 704 1096 rediit
726 1051 800 1096 cum
822 1032 961 1115 coniuge
983 1030 1085 1099 clare.

267 1117 444 1183 Intendens
468 1119 592 1203 patriae
615 1117 729 1181 sedem
752 1118 887 1181 festinus
910 1115 1014 1181 adire.

266 1204 373 1278 Quem
396 1206 508 1288 gavisa
532 1203 662 1289 quidem
686 1203 780 1289 plebs
803 1203 947 1289 suscepit
968 1203 1167 1282 venientem,
1246 1232 1276 1275 ῃ

267 1290 454 1355 Altithrouo
477 1300 588 1375 grates
610 1311 767 1376 spargens
789 1310 888 1376 super
908 1288 1047 1354 aethera
1070 1287 1191 1367 dulces,

269 1376 342 1456 Qui,
365 1376 551 1440 miserando
576 1397 654 1440 suae
678 1376 784 1462 plebis
807 1376 902 1441 solita
923 1376 1061 1461 pietate,

268 1462 373 1536 Quem
396 1464 467 1548 pius
491 1463 601 1547 elegit,
624 1483 738 1546 regem
761 1482 937 1549 cumpace
959 1461 1104 1527 reduxit.

309 1549 382 1613 Hac
404 1550 450 1612 ita
473 1548 598 1613 laetitia
621 1549 726 1633 dignis
749 1548 846 1613 rebus
868 1548 1049 1629 celebrata,

265 1635 409 1700 Advenit
431 1634 497 1700 dux
520 1635 688 1700 Conradus
711 1656 783 1700 cum
805 1654 887 1720 pace
909 1654 1074 1711 reversus,
1244 1658 1276 1697 π

265 1721 443 1786 Adduceus
466 1722 691 1805 Beringarium
716 1728 1054 1807 supramemoratum

266 1808 372 1892 Ipsius
394 1809 516 1891 ingenii
540 1818 671 1893 captum
693 1808 739 1872 sic
762 1815 832 1872 arte
855 1806 1019 1893 profundi,

267 1893 377 1958 Gratis
399 1901 435 1958 ut
458 1894 571 1959 Ottoni
594 1894 683 1957 venit
705 1914 742 1958 se
765 1892 906 1958 subdere
930 1894 1013 1995 regi.

267 1981 358 2045 Tunc
379 1979 466 2043 idem
490 2001 560 2063 rex,
585 1982 638 2065 qui
661 2000 791 2067 semper
813 1980 891 2044 fecit
912 1985 1091 2067 sapienter,

265 2065 361 2131 Hunc
384 2087 497 2151 regem
520 2074 609 2131 certe
632 2066 731 2151 digno
754 2066 897 2152 suscepit
917 2065 1056 2149 honore,
1227 2074 1264 2119 ²³⁵³

264 2152 453 2217 Restituens
476 2153 522 2216 illi
545 2152 664 2217 sublati
685 2152 825 2217 culmina
846 2152 939 2237 regni
961 2188 1005 2199 —

265 2239 332 2303 Ista
354 2245 504 2325 percerte
528 2246 651 2303 tantum
675 2238 735 2303 sub
759 2238 954 2318 conditione,

267 2325 312 2390 Ut
334 2326 513 2412 posthaec
536 2327 641 2390 causis
664 2346 729 2389 non
751 2323 992 2390 contradiceret
1012 2324 1088 2391 ullis

267 2411 373 2497 lpsius
395 2413 532 2497 imperio
556 2412 664 2476 multis
686 2412 784 2495 longe
807 2409 996 2491 metuendo,

267 2498 335 2562 Sed
357 2520 417 2563 ceu
440 2499 604 2563 subiectus
626 2499 719 2562 iussis
742 2504 830 2562 esset
852 2496 1036 2571 studiosus;

266 2585 340 2649 Hoc
363 2606 493 2670 quoque
516 2585 661 2649 sollicitis
684 2584 829 2649 decrevit
850 2584 994 2649 maxime
1020 2582 1124 2665 dictis,

267 2670 313 2735 Ut
335 2679 409 2756 post
431 2672 513 2735 hacc
536 2671 692 2756 populum
715 2680 848 2754 regeret
869 2669 1063 2735 clementius
1083 2670 1190 2757 ipsun,

267 2757 373 2830 Quem
397 2759 484 2843 prius
506 2758 642 2842 imperio
664 2757 799 2821 nimium
821 2756 1000 2843 'scorripuit
1021 2776 1142 2823 amaro.

269 2842 341 2925 Qui,
367 2865 402 2907 se
426 2843 625 2927 complendis
648 2843 800 2907 simulans
822 2850 1009 2930 promptum
1033 2842 1104 2909 fore
1125 2842 1213 2919 iussit,

269 2929 368 2994 Ocius
390 2930 558 3009 abscessit,
581 2930 719 3014 patriam
742 2929 847 2994 laetus
870 2950 911 2994 ue
933 2929 1061 3017 petivit
1219 2942 1259 2989 uu

267 3018 339 3098 Ast,
362 3017 417 3081 ubi
440 3017 610 3080 sublimem
632 3017 725 3100 regni
747 2950 940 3100 possederat
960 3034 1083 3095 arcem,

267 3102 392 3167 Laesus
414 3102 556 3167 suadelis
579 3101 781 3188 quomndam
803 3121 945 3188 namque
968 3101 1116 3185 sinistris,

266 3188 346 3253 Mox
368 3189 489 3253 infelici
511 3190 661 3274 graviora
684 3187 815 3339 puidcm
840 3189 917 3289 iupa
938 3196 1029 3274 genti

269 3275 383 3355 Infert,
407 3277 438 3340 vi
461 3295 581 3360 magna
602 3294 662 3361 pro
709 3280 845 3359 espectu
865 3273 927 3339 arbi
949 3274 1048 3355 facts,

268 3360 312 3424 Sc
335 3383 471 3446 regnum
493 3362 598 3447 pretio
623 3366 808 3427 contestans
831 3380 942 3425 emere
963 3379 1097 3445 magno,
1222 3364 1264 3419 un

271 3445 342 3511 Neo
366 3449 435 3512 fore
459 3447 665 3533 culpandum,
689 3448 716 3511 si
737 3448 787 3511 ius
810 3447 962 3532 fregisset
983 3466 1130 3527 civemn,

270 3532 336 3597 Sed
359 3535 463 3619 magis
487 3534 599 3599 Ottoni
622 3534 737 3619 culpae
760 3533 912 3599 meritum
935 3532 1093 3619 reputari,

265 3618 331 3705 lpsi
354 3622 509 3706 primates
532 3620 637 3706 plebis
660 3620 715 3705 qui
737 3618 897 3684 venderet
918 3638 1043 3685 omnes.

248 3807 300 3861 686
319 3809 435 3873 rursum]
455 3826 494 3860 re-
512 3819 631 3875 cospsrot
647 3808 690 3858 Μ·
709 3809 739 3871 (ι.
751 3826 772 3860 c.
791 3807 930 3877 ragnuml)
1015 3798 1268 3930 eedmffid·

162 3876 213 3930 706
231 3880 372 3930 mutuando
391 3878 422 3929 M
524 3876 577 3930 710
594 3878 716 3930 contrivit
735 3878 828 3938 cetea·
843 3878 908 3945 sort

162 3947 243 3999 Celtcs
263 3949 308 4013 (cs.
324 3947 437 4014 Tbeopl.
450 3947 504 4012 53)‚·
520 3944 615 3999 ‘isdem
626 3964 656 3999 er
667 3949 703 3999 eis
715 3945 789 4012 (sibi)
802 3947 851 4013 fris·
860 3946 918 3998 itu
929 3945 967 3997 N*
1136 3936 1268 4011 (aulul

158 4018 308 4081 quemnam
325 4013 520 4081 belcondcltc’ffl)

163 4120 396 4131 -—-.—....—...
402 4122 472 4131 .—..

162 4256 272 4323 esem.
299 4276 333 4308 c.
353 4258 433 4310 K.·D.
447 4275 477 4324 p.
490 4262 547 4310 204.
713 4274 765 4323 sqq.
786 4257 823 4324 cs.

248 4188 537 4257 fidlcflqsst.4tosqq.
593 4186 645 4241 685
695 4188 750 4255 ms.
762 4186 1004 4309 Ili-stpmefl.
1060 4182 1270 4259 &105un

874 4254 930 4309 Α).
942 4258 1084 4327 pam*
1183 4248 1270 4315 Μ·

162 4326 300 4393 KoepkcI
326 4332 424 4392 210&
