2910 5024
344 373 426 427 1112.
444 373 593 441 primordio
610 375 728 428 coenobii
750 375 990 430 corcolmum.
1185 378 1236 433 231

209 545 286 618 Quis
310 545 384 608 sim:
409 566 529 631 magne
551 548 610 613 tibi
633 555 765 634 portans
788 548 953 629 solamina,
978 551 1061 615 veni.

204 630 289 695 Nam
313 653 383 695 sum
406 631 578 715 Iohannes,
600 634 730 719 liquidis
753 635 808 718 qui
829 636 977 719 tinguere
1000 637 1141 722 lymphis

203 717 366 782 Christum
390 722 561 803 promerui.
607 719 692 793 Quia
714 740 773 784 nos
796 721 909 784 crebro
934 723 1069 802 coluisti,

199 803 334 885 Nuntio,
356 806 533 888 virginibus
556 808 653 870 sacris
677 814 732 870 tua
756 806 843 870 clara
864 828 1011 893 propago

199 890 356 955 Instituet
379 892 564 973 claustrum,
587 913 707 978 pacem
723 894 879 978 regnique
903 895 1110 980 triumphum,
1191 912 1237 964 cs>

199 976 292 1040 Dum
316 998 374 1041 sua
396 978 510 1061 religio
534 978 640 1042 studio
667 980 793 1043 steterit
816 979 900 1043 bene
923 981 1024 1045 firmo.

196 1062 288 1127 Hinc
312 1072 367 1126 tua
389 1066 563 1148 progenies
588 1067 704 1130 saeclis
728 1065 921 1150 quandoque
946 1068 1061 1131 futuris

198 1148 352 1213 Culmine
375 1150 526 1234 pollentis
549 1158 640 1214 tanto
664 1152 821 1216 clarescet
843 1152 983 1230 honoris,

195 1235 246 1299 Ut
270 1242 472 1300 terrenorum
494 1238 600 1301 nullus
623 1244 699 1302 tutuo
723 1245 870 1324 tempore
894 1259 1008 1322 regum

199 1321 278 1385 Iure
303 1328 489 1406 potentatus
511 1323 558 1387 illi
580 1324 689 1388 valeat
712 1324 867 1388 similari.²
1193 1342 1235 1390 (το)

200 1408 353 1487 Dixerat,
378 1416 411 1471 et
432 1409 539 1473 subito
562 1409 691 1474 rediens
714 1417 944 1496 penetraverat
967 1411 1092 1489 aethra,

199 1493 369 1579 Linquens
391 1501 558 1559 matronae
582 1496 727 1560 solamen
750 1496 844 1560 dulce
867 1497 1038 1580 benignae.

204 1578 312 1643 Huius
335 1581 497 1665 magnifici
520 1581 646 1646 decoris
669 1584 838 1668 promissio
861 1582 992 1666 grandis

202 1665 398 1752 Progeniem
423 1666 562 1731 domnae
586 1669 704 1732 claram
729 1668 913 1751 specialiter
936 1668 1029 1732 Odee

203 1751 364 1836 Signsvit:
389 1752 429 1815 de
454 1775 517 1838 qua
539 1761 633 1817 natus
656 1754 723 1817 dur
745 1755 873 1819 inclitus
896 1753 991 1818 Oddo
1190 1768 1235 1819 (⁷⁵)

205 1838 348 1923 Sceptris
371 1839 548 1903 Henrioum
570 1861 683 1925 regem
707 1842 820 1924 genuit
842 1842 919 1904 satis
943 1861 962 1902 a
987 1847 1067 1911 tum;

203 1921 265 1995 Qui
288 1930 383 2009 pater
405 1927 534 2010 augusti
557 1926 616 1989 fuit
640 1926 784 1991 Oddcnis
807 1862 994 2007 venerandi,

202 2010 291 2090 Eius,
316 2012 381 2096 qui,
404 2013 490 2095 regis
512 2012 610 2076 fultus
632 2014 751 2076 virtute
773 2014 934 2097 perennis,

203 2096 382 2182 Postquam
407 2098 573 2161 Saxonum
596 2100 682 2163 rexit
704 2100 805 2185 patris
827 2101 898 2162 vice
920 2118 1066 2182 reguum,

202 2182 290 2246 Nutu
314 2182 421 2246 divino
446 2184 636 2248 benedictus
658 2206 798 2271 namque
821 2183 974 2263 secundo,
1189 2197 1235 2247 (eo)

201 2269 334 2356 Imperii
357 2270 469 2334 sedem
493 2271 633 2335 Romani
656 2271 772 2357 dignus
795 2271 933 2335 eundem

202 2356 251 2419 Ao
275 2363 439 2441 sceptrum
460 2358 536 2419 iuris
560 2364 749 2442 susceperat
770 2358 956 2442 imperialis,

201 2442 491 2527 Aequiuocumque
514 2445 563 2506 sui
586 2450 695 2507 natum
719 2445 841 2528 pariter
862 2442 1080 2521 benedictum,

202 2527 404 2612 Disponente
429 2530 482 2613 pia
506 2531 591 2614 regis
614 2530 760 2594 bonitate
784 2532 945 2615 perennis,

202 2613 336 2699 Imperii
359 2614 470 2677 sedem
495 2616 712 2680 conscendere
736 2617 813 2679 fecit
836 2615 973 2680 eandem
1190 2624 1234 2677 (εδ)

203 2701 313 2785 Atque
337 2702 408 2786 pari
430 2702 541 2765 similis
564 2702 737 2787 splendore
761 2704 822 2766 lrui
845 2702 983 2765 ditionis.

203 2786 296 2851 Heec
319 2788 417 2871 igitur
439 2788 557 2852 modici
581 2788 781 2853 demonstrat
802 2789 922 2872 pagina
945 2787 1017 2851 libri

203 2872 345 2952 Plenius,
370 2895 387 2936 e
412 2876 516 2938 causis
540 2895 647 2938 rerum
671 2895 766 2960 quem
791 2876 974 2960 scripsimus
996 2873 1119 2935 harum.

244 2958 339 3023 Nunc
362 2959 404 3023 ad
427 2981 507 3045 opus
530 2968 681 3045 coeptum
705 2961 822 3025 devote
869 2957 1077 3024 erficisndum

201 3045 261 3108 Est
284 3046 520 3110 convertendus
543 3048 634 3111 stilus
656 3053 768 3111 noster
790 2983 962 3112 studiosus.
986 3082 1026 3090 -
1191 3056 1236 3107 (⁹⁰)

203 3131 266 3195 Ast
287 3133 343 3196 ubi
366 3132 517 3197 Lindulfo
542 3134 648 3198 fuerat
670 3134 865 3198 venerabilis
888 3132 961 3197 Ode

203 3216 353 3282 Foedere
377 3219 474 3302 legali
498 3221 677 3300 coniuncta,
701 3241 758 3283 suo
782 3220 911 3296 seniori,

182 3407 217 3460 50
237 3411 311 3461 firmo
325 3411 429 3475 scripsi:
447 3427 536 3477 regum
549 3412 578 3461 nl
593 3411 636 3473 (ex
647 3431 669 3462 v.
679 3412 721 3464 63)
793 3410 828 3463 62
839 3411 994 3463 clarescetlr
1064 3406 1099 3460 68
1110 3409 1198 3460 domui
1209 3408 1235 3468 h,

139 3479 222 3528 ninil
327 3477 357 3529 71
384 3481 463 3544 patris
481 3480 509 3530 tl
613 3478 646 3532 75
665 3490 717 3531 'out
733 3483 841 3532 eandem
860 3480 907 3544 (sic
925 3481 956 3530 lt:
975 3480 1064 3531 eedem
1083 3480 1103 3535 l)
1121 3494 1152 3529 ex
1168 3495 1191 3529 e.
1208 3481 1237 3528 79

139 3563 178 3596 um
201 3555 238 3599 cst
259 3545 332 3615 (sort.
357 3549 513 3610 habendum)
534 3559 580 3599 cut
602 3567 690 3601 werse
707 3550 788 3614 periit
808 3550 844 3602 sic
866 3553 922 3616 sere
944 3549 1103 3615 supplendus
1128 3564 1158 3598 ex
1173 3555 1234 3612 qest.

139 3617 255 3679 c.1‚30:

303 3687 406 3750 Imperii
425 3687 511 3737 sedern
530 3689 640 3737 Romani
657 3688 752 3754 dignus
769 3689 884 3749 candem,

304 3751 400 3820 (Quam
420 3756 550 3819 quondam
569 3771 681 3822 magnus
699 3757 846 3822 possederat
863 3751 1042 3820 Octavianus)

304 3826 342 3874 Ac
360 3834 489 3890 sceptrum
509 3826 572 3875 iuris
590 3834 737 3892 susceperat
755 3826 901 3892 imperialis.

140 3907 205 3957 fecit
222 3907 251 3958 1ιὶ
338 3907 369 3959 81
390 3910 478 3961 Hacl

179 4076 277 4143 58oqq.
300 4076 349 4130 ‘iet
375 4080 516 4140 oerkeindc,
542 4081 602 4133 dein
621 4081 721 4132 Stomm
743 4082 809 4132 wird
831 4083 872 4132 cin
897 4081 1001 4132 Kloster
1020 4080 1151 4147 precedes,
1179 4082 1236 4132 und

139 4145 211 4197 leden
231 4147 361 4209 (oericttud
382 4149 435 4208 ich)
457 4150 513 4200 und
536 4150 813 4215 Konipsherrle'ehlceit,
839 4168 867 4200 eo
892 4152 954 4216 lonp
976 4167 1004 4201 ee
1025 4150 1125 4202 bostelen
1152 4148 1235 4207 vird?

139 4216 320 4281 efiprimffl.
391 4217 425 4269 63
437 4220 471 4285 cs.
479 4220 558 4283 prim.
570 4224 626 4270 153.
696 4218 1235 4286 68progeuiem:sc.0ttoncmd1o9num;

140 4286 224 4350 prim.
236 4291 293 4337 570.
376 4282 409 4337 73
427 4290 462 4352 cf.
479 4288 557 4350 prim.
568 4294 622 4339 114.
704 4288 736 4339 81
758 4291 792 4356 cf.
808 4296 870 4354 qest.
884 4293 1007 4354 1479sqq.
1089 4286 1123 4339 82
1141 4289 1235 4340 domm

139 4370 181 4404 un
200 4371 289 4407 musa.
378 4354 413 4406 83
431 4359 465 4422 cs.
478 4359 550 4420 prol.
569 4376 590 4408 v.
601 4362 624 4408 6.
