2910 5024
275 362 325 417 188
634 356 895 416 HROTSVITHAE
914 356 1043 413 Oreas.

122 530 249 622 [luas]
358 532 548 597 Aurrocuus.
602 530 784 596 Observata
818 530 913 611 istas,
949 550 969 593 o
1002 530 1137 605 milites,
1172 530 1263 595 omni
1297 529 1416 595 sollici·

275 618 404 693 tudine;
424 621 430 703 Ι
449 620 569 683 nullam
592 619 653 682 illis
677 619 881 681 occasionem
904 613 1065 682 evadendi
1086 617 1274 703 relinquito.
1294 618 1302 699 Ι

164 941 213 1007 IV
239 948 250 1006 l
365 943 539 1009 Sunium-u.
587 942 615 1006 Ο
638 942 748 1009 dulces
770 944 901 1022 filiolae,
921 943 926 1028 Ι
946 965 965 1009 o
988 964 1085 1009 carae
1107 944 1272 1030 pusiolae,
1290 944 1298 1023 Ι
1316 944 1409 1007 nolite

278 1050 375 1115 super
403 1030 573 1094 carceralis
603 1031 753 1115 angustia
780 1030 946 1095 custodiae
978 1031 1172 1111 contristari,
1197 1036 1202 1109 Ι
1227 1030 1329 1095 nolite
1354 1030 1406 1095 in·

278 1117 467 1180 minantium
490 1117 583 1179 minis
606 1136 782 1201 poenarum
806 1118 930 1181 terreri
950 1116 955 1199 Ι

119 1238 181 1288 paq.
201 1225 260 1275 asa.
364 1201 469 1268 Fmss.
513 1202 607 1266 Licet
629 1203 818 1287 corpuscula
839 1208 1017 1288 pavescant
1038 1201 1081 1267 ad
1104 1210 1282 1283 tormenta,
1300 1210 1306 1283 Ι
1325 1222 1404 1267 mans

278 1293 388 1353 tamen
409 1288 515 1373 gliscit
538 1287 755 1437 adpraemia.
777 1293 782 1370 Ι

363 1372 536 1439 Scaienum.
620 1376 717 1439 mcite
748 1375 901 1439 infantilis
933 1373 1188 1441 teneritudinem
1219 1374 1399 1449 neumnej

277 1461 395 1525 maturi
417 1481 529 1524 sensus
553 1460 776 1543 fortitudine!

233 1548 253 1608 2
362 1546 450 1611 Sene.
495 1546 599 1610 hum
627 1556 692 1630 est,
723 1567 782 1611 noe
809 1546 959 1633 precibus
982 1546 1146 1628 adiuvare,
1167 1548 1173 1631 Ι
1191 1554 1229 1612 ut
1257 1546 1429 1633 poninus

277 1653 416 1697 vincere.

366 1634 540 1783 sisinnus.
585 1716 658 1783 Hoc
685 1717 907 1782 indesinenter
935 1738 1048 1798 exoro,
1067 1720 1074 1801 Ι
1092 1718 1156 1784 hoc
1179 1718 1334 1805 efflagito,
1349 1724 1357 1799 Ι
1370 1730 1399 1781 ut

279 1806 495 1955 perseveretis
517 1806 550 1868 in
572 1804 647 1886 fide,
667 1808 671 1883 Ι
692 1825 788 1889 quem
803 1804 890 1868 inter
903 1806 976 1889 ipsa
990 1805 1168 1891 crepundia
1183 1806 1300 1871 vostris
1311 1806 1399 1869 send·

303 1913 340 1955 us
363 1911 426 1954 non
450 1890 646 1955 desistebam
668 1892 876 1968 instillasse!

234 1976 253 2038 3
366 1976 516 2041 Knemis.
562 1975 658 2050 Quod
678 1984 832 2061 sugentes
853 1976 957 2041 ubera
979 1977 1012 2041 in
1032 1977 1201 2042 cunabulis
1216 1975 1425 2051 didicimus

280 2064 463 2127 nullatenus
486 2063 632 2127 oblivisci
676 2064 824 2127 uibimus.
845 2068 850 2143 Ι

368 2148 541 2214 Suasorem.
585 2149 639 2213 Ad
692 2171 730 2213 oc
753 2170 810 2213 vos
832 2156 979 2214 materno
1006 2149 1092 2213 lacta
1113 2148 1289 2213 affluenter
1307 2146 1375 2227 uui,

281 2234 323 2298 ad
346 2235 407 2299 hoc
430 2234 568 2299 delicate
591 2237 717 2312 nutrivi,
738 2238 743 2318 Ι
762 2242 798 2299 ut
812 2257 870 2300 vos
886 2234 1031 2311 caelesti,
1051 2254 1118 2299 non
1133 2242 1275 2315 terreno,
1296 2252 1397 2321 spuma

281 2321 454 2403 traderem,
474 2324 479 2405 Ι
500 2342 562 2406 quo
586 2323 684 2386 vestri
711 2342 808 2386 causa
830 2343 941 2386 socrus
964 2322 1090 2386 aeterni
1111 2322 1201 2407 regis
1224 2320 1287 2387 dici
1307 2338 1395 2385 metr·

281 2428 388 2472 msam.
1406 2430 1424 2471 s

236 2493 255 2551 4
367 2409 472 2558 F1bns.
515 2494 576 2557 Pro
599 2493 699 2579 ipsius
719 2514 829 2557 amore
845 2494 954 2578 sponsi
972 2496 979 2575 Ι
998 2498 1147 2580 promtaa
1168 2513 1281 2557 sumus
1300 2492 1380 2557 mori.

369 2579 541 2644 Suionum.
598 2578 753 2643 Delector
786 2600 829 2643 ex
859 2588 969 2643 vestra
997 2581 1123 2644 ratione
1151 2582 1157 2659 Ι
1185 2580 1291 2665 magis
1318 2596 1396 2665 qun

282 2672 454 2730 nectareae
478 2664 655 2729 dulcedinis
678 2667 895 2750 gustamine!

369 2751 455 2817 Sors.
500 2752 676 2815 Praemitte
693 2773 751 2816 nos
767 2759 842 2815 ante
859 2751 997 2815 tribunal
1012 2751 1128 2816 iudicis
1157 2758 1194 2816 et
1209 2752 1396 2840 expoliem

284 2845 437 2924 quantum
461 2839 529 2902 eius
553 2859 643 2902 umor
665 2839 758 2902 nobis
780 2839 888 2902 attulit
910 2838 1138 2917 temeritatis!
1407 2860 1425 2901 ι

369 2924 540 2989 Somnum.
584 2924 658 2989 Hoc
681 2931 818 3010 exopto,
846 2932 882 2988 ut
903 2930 1010 2988 restra
1032 2923 1221 3011 virginitate
1242 2942 1375 3001 coroner¹

283 3018 319 3075 ut
341 3018 449 3075 vestro
472 3011 614 3075 martirio
638 3011 808 3096 glorificer.
830 3012 834 3079 l

241 3096 260 3155 5
369 3097 473 3161 Fines.
510 3095 674 3161 Oonscrtis
696 3098 846 3182 palmulis
869 3094 1055 3161 incedamus
1075 3098 1080 3180 Ι
1100 3090 1441 3183 etvullumtyrrn'ld

282 3183 525 3249 confundamus.
545 3189 549 3264 Ι

368 3424 549 3491 instillaturque
561 3426 604 3476 Μ’
667 3424 742 3477 30c.
753 3443 776 3493 p.
790 3426 827 3476 aie
840 3424 872 3475 J!
938 3421 1179 3492 4imm.]inm..l!¹
1242 3418 1402 3485 bmtur'ffl

284 3492 316 3547 14
334 3497 456 3547 sistebom
474 3496 516 3545 st¹
605 3493 636 3547 ll
656 3494 829 3547 stlluenticel
846 3492 969 3546 -ntirw
1055 3492 1204 3559 fflfttiene
1221 3492 1266 3545 ,Ψ

370 3718 386 3771 3
410 3722 445 3787 cs.
463 3720 571 3772 ll'otleri
592 3736 642 3785 seq.
660 3719 692 3771 de
709 3736 728 3769 a.
748 3718 923 3769 inuocarts‘bus
941 3716 1069 3779 (Kadosia
1085 3734 1113 3769 n.
1125 3717 1190 3784 3⁴2)
1208 3720 1226 3767 7
1245 3714 1406 3771 suffitu·-

283 3791 379 3843 mnndo
390 3791 520 3856 virginum
539 3789 590 3840 cari
610 3790 656 3851 (tic
668 3789 755 3852 codd.)
767 3788 847 3847 tilioli,
867 3787 956 3839 dulces
968 3787 1072 3853 pusioli.
1144 3786 1163 3839 6
1179 3786 1216 3853 es.
1224 3786 1305 3853 prin.
1312 3784 1405 3851 pult

285 3860 317 3910 15
341 3861 375 3926 cf.
399 3859 470 3911 ltar.
483 3864 539 3922 881,
564 3858 627 3908 adn.
650 3858 686 3908 od
710 3858 791 3921 Gany.
803 3863 842 3908 41.
935 3854 967 3906 l'l
989 3857 1025 3922 cs.
1048 3854 1158 3907 Ilm.
1181 3856 1349 3923 epid-”m
1365 3852 1408 3913 (d

284 3929 462 3981 Eustochium:
474 3938 533 3979 tom.
543 3928 562 3978 Ι
576 3928 623 3978 col.
634 3930 682 3979 103
698 3926 805 3991 Velm:
822 3926 885 3992 quid
897 3925 1005 3988 inrides,
1023 3934 1112 3987 mator,
1128 3924 1219 3977 filiu?
1236 3934 1284 3977 tuo
1293 3924 1358 3977 hm
1367 3938 1408 3975 n·

284 4000 345 4049 trita
362 4010 413 4059 est,
438 4000 490 4049 tuis
508 3998 616 4048 educam
633 3998 788 4060 visceribus,
813 3996 840 4046 in
863 4003 909 4046 tuo
927 3994 1038 4046 adolevit
1055 3994 1129 4057 sinn,
1151 4004 1182 4046 tn
1203 3994 1278 4047 illan
1293 3994 1408 4061 ηιμ

285 4068 374 4118 sedula
393 4069 485 4133 pietate
503 4068 624 4117 servasti:
643 4067 794 4132 indignaris,
812 4066 881 4131 quod
899 4063 983 4115 noluit
1000 4062 1090 4115 militis
1106 4078 1164 4115 ua
1180 4080 1256 4127 uxor,
1272 4064 1318 4117 ad
1334 4062 1409 4129 m'l

284 4138 382 4202 mande
400 4138 447 4187 tibi
465 4138 617 4187 besicticium
636 4136 773 4203 praestitit:
801 4150 914 4186 socrus
939 4132 991 4185 dei
1013 4148 1071 4185 us
1086 4134 1208 4201 coepisti:
1235 4132 1320 4185 M
1339 4128 1409 4197 qk

286 4210 457 4269 10‚78119q.:
487 4223 530 4272 per
552 4206 629 4256 huius
651 4206 705 4256 alvi
728 4205 781 4255 lida
804 4202 998 4269 conceptacula,
1028 4218 1075 4267 pet
1096 4202 1251 4269 hospitalem
1271 4216 1357 4255 nus
1375 4200 1410 4251 b

286 4276 365 4339 quino
383 4275 468 4333 larem,
488 4277 509 4324 si
527 4275 602 4325 dulce
620 4275 700 4325 nostri
718 4275 828 4340 pectoris
846 4280 935 4323 noctu
951 4271 1008 4331 tibi.
1026 4272 1049 4323 si
1065 4271 1144 4323 molle
1153 4272 1291 4341 presulum
1306 4268 1410 4339 μή

287 4344 436 4409 crepundia,
455 4345 560 4410 persiste
578 4354 603 4394 et
620 4344 712 4394 horum
731 4358 866 4393 munerum
883 4348 1014 4393 auctorem
1030 4340 1129 4393 adm
1191 4338 1227 4392 la
1238 4342 1273 4409 cs.
1281 4340 1410 4407 ΗΜ(
