2910 5024
579 366 758 422 ILMon‘a.
1087 429 1088 432 ,
1198 370 1233 426 2⁹

206 543 333 629 Quique
357 542 448 604 vales
470 539 600 625 proprio
624 539 778 604 mundum
801 542 993 607 concludere
1017 545 1136 630 palmo,

205 628 389 695 Panniculis
411 627 524 711 stringi
546 647 611 690 non
634 628 714 690 raris
736 627 816 692 haut
837 631 1002 714 respuisti;
1230 634 1341 699 fotam

205 716 248 781 Et
270 717 326 802 qui
348 713 478 778 stellato
500 712 624 777 resides
647 713 727 778 solio
750 734 849 800 snper
871 715 994 798 aethra,

204 803 311 868 Parvo
333 800 486 887 praesepi
509 805 691 865 contractus
713 801 924 886 procubuisti;
1027 828 1029 832 ⁴

204 889 257 973 Et,
281 890 336 975 qui
358 887 545 973 multigenis
567 887 706 972 imponis
727 887 858 952 nomina
880 890 982 954 stellis

206 977 255 1041 Ac
277 976 407 1062 pluviae
431 978 550 1058 guttas,
573 974 684 1059 pelagi
707 994 835 1060 quoque
859 977 946 1040 solus
969 995 1084 1040 arenas

206 1063 281 1127 Rite
305 1068 397 1148 potes
419 1080 554 1125 numero
577 1080 637 1146 per
660 1067 692 1124 te
716 1061 948 1147 comprendere
972 1069 1072 1145 certo,

206 1149 250 1213 Ut
272 1149 404 1234 fragiles
426 1149 520 1233 pueri
541 1147 705 1232 patienter
727 1148 917 1230 conticuisti,

206 1236 368 1322 Tempore
392 1235 553 1319 virgineas
577 1254 640 1319 qno
664 1234 777 1298 suxisti
799 1235 853 1321 pie
875 1255 1043 1302 mammas.

204 1322 341 1409 Insuper
363 1319 531 1385 Herodem
553 1321 642 1385 nulla
664 1319 834 1385 formidine
857 1342 981 1409 regem,

207 1409 273 1474 Sed
295 1409 365 1473 sola
388 1413 476 1472 certe
498 1407 608 1492 fugisti
630 1427 689 1493 pro
714 1407 848 1493 pietate,

206 1496 279 1570 Quo
303 1494 406 1561 carnis
430 1513 540 1558 veram
563 1491 802 1558 demonstrares
824 1494 877 1581 pie
900 1494 1052 1569 formam;

206 1583 251 1647 Et
270 1603 349 1647 mox
371 1581 495 1667 absque
518 1600 608 1644 mora
630 1580 736 1645 fecisti
759 1601 861 1646 saxea
883 1580 981 1646 corda

205 1669 289 1734 Nam
315 1687 515 1755 paganorum
537 1667 727 1731 mollescere
749 1688 816 1732 non
838 1666 1032 1733 domitorum

203 1757 247 1820 Et
268 1756 388 1820 sentire
411 1760 502 1818 tuum
525 1752 662 1818 solidum
685 1774 745 1840 per
766 1760 916 1840 tempora
936 1773 1083 1842 regnum,

204 1842 275 1917 Quo
299 1848 331 1906 te
355 1840 470 1905 divinis
492 1840 604 1905 moniti
626 1841 745 1905 scirent
765 1840 835 1905 fore
858 1841 959 1927 signis

202 1929 220 1993 I
244 1949 324 2011 snm,
349 1929 403 2014 qui
424 1927 493 1991 solo
516 1927 622 1992 fecisti
645 1927 776 1992 saecula
797 1926 896 1992 verbo

232 2023 245 2079 t
268 2035 364 2102 quem
386 2019 574 2079 cunctorum
597 2015 782 2078 cecinerunt
804 2015 947 2079 carmina
968 2020 1089 2081 vatum.

202 2103 288 2167 Hinc
310 2102 457 2187 genitore
481 2106 536 2164 tuo
557 2108 690 2165 maneat
712 2121 771 2186 per
793 2101 924 2166 saecula
947 2109 1063 2167 cuncta

207 2188 319 2253 Gloria
341 2186 382 2252 de
405 2187 527 2252 cunetis
550 2192 584 2250 et
606 2188 677 2252 lans
700 2193 835 2253 aeterna
858 2190 985 2271 creatis,

205 2274 267 2350 Qui
291 2274 348 2339 tibi
371 2272 491 2338 dilecto
513 2274 650 2339 nescirit
672 2294 807 2360 parcere
830 2281 918 2357 nato,

201 2362 245 2426 Et
265 2360 334 2441 tibi,
358 2359 496 2441 Christe,
520 2358 619 2425 decus
665 2382 770 2449 erpes‚
793 2362 938 2445 victoria,
961 2359 1071 2442 virtus,

202 2448 365 2533 Sanguine
389 2448 444 2533 qui
465 2445 621 2511 mundum
678 2469 713 2512 so
736 2447 868 2513 redimis
890 2448 1078 2536 periturum,

202 2535 347 2600 Flamine
371 2554 443 2599 cum
466 2554 557 2598 sacro
581 2535 679 2599 saecli
701 2555 761 2621 per
782 2542 931 2621 tempora
953 2540 1078 2617 cuncta,

203 2621 316 2686 Gratia
338 2621 488 2686 caelestis
510 2640 687 2706 perquem
711 2621 898 2688 conceditur
919 2621 1037 2686 omnis!

246 2706 362 2782 Qualia
383 2707 559 2772 retribuam
581 2706 696 2772 factori
718 2729 852 2774 munera
874 2728 958 2773 nuno
978 2709 1044 2773 iam
1223 2706 1272 2773 fd·
1286 2708 1338 2758 Ψ

203 2793 267 2859 Pro
290 2795 412 2858 cunctis
434 2793 542 2880 digne,
565 2793 712 2859 mihimet
734 2816 817 2881 quae
840 2793 982 2860 reddidit
1002 2796 1085 2881 ipse,

206 2878 268 2954 Qui
312 2881 362 2945 ius
383 2880 550 2966 indignam
573 2875 668 2945 solita
690 2881 814 2967 pietate
838 2881 1003 2947 famellam

204 2967 268 3048 Me,
289 2903 369 3033 leet
391 2968 504 3049 exiles,
528 2967 605 3032 fecit
628 2969 813 3054 persolvere
837 2973 970 3055 grates?

204 3053 265 3118 His
287 3074 324 3118 su
349 3074 385 3119 er
406 3054 575 3140 angelicae
599 3055 772 3137 caelorum,
795 3075 906 3141 posco,
929 3060 1080 3119 catervae

204 3076 396 3207 collaudare
420 3140 517 3206 deum
539 3161 603 3205 non
627 3148 756 3206 cessent
778 3142 891 3207 sedulo
912 3146 1038 3206 verum!

180 3330 232 3385 873
255 3335 358 3402 proprio
375 3334 500 3386 mundum
518 3334 661 3386 conducere
679 3335 765 3402 palma
782 3334 827 3385 M:
852 3333 953 3387 commi
978 3333 1036 3385 coll.
1065 3331 1128 3384 Isaa'.
1142 3333 1227 3394 40,12

89 3405 150 3468 quis
173 3419 278 3454 memus
301 3410 339 3456 est
362 3403 461 3470 pugillo
485 3419 569 3468 aquas
594 3410 621 3456 et
643 3404 728 3455 caelos
750 3404 837 3471 palmo
861 3403 1026 3471 ponderavit·
1051 3404 1085 3469 cs.
1115 3399 1225 3464 limos,

90 3472 187 3523 Karol.
212 3471 297 3523 Diod&
317 3491 346 3539 p.
360 3476 409 3524 m
527 3470 579 3524 874
603 3474 689 3538 tetrigi
709 3471 771 3537 (cic)
794 3471 838 3534 M,·
858 3474 976 3526 voluerut
997 3469 1226 3535 Panniculistringi

86 3539 303 3662 &351¹
385 3539 455 3661 ddm
475 3541 554 3593 atur.
567 3559 621 3608 pro
638 3542 706 3594 dot:
723 3544 759 3609 cs.
776 3543 831 3595 iod.
849 3552 921 3596 m.
1026 3538 1078 3593 899
1095 3539 1178 3592 reddit
1195 3535 1228 3587 M

267 3628 296 3662 m
313 3626 367 3664 roa.

175 3780 227 3836 877
246 3783 281 3851 cf.
294 3784 497 3850 psalm.146,4.
594 3779 646 3834 878
663 3782 698 3850 cf.
716 3799 736 3834 c.
746 3800 771 3849 9.
806 3800 846 3835 ca.
858 3787 945 3845 1217.
1040 3779 1092 3832 885
1108 3782 1144 3850 cf.
1161 3779 1224 3833 adn.

85 3854 124 3906 aa
144 3858 294 3919 gemeq.
390 3849 442 3904 890
465 3852 500 3920 cf.
523 3848 595 3902 Mor.
612 3855 667 3903 646.
762 3850 780 3904 8
837 3854 872 3920 cs.
895 3852 972 3904 Paul.
994 3851 1031 3902 ad
1053 3849 1127 3903 Bam.
1143 3853 1224 3916 8,st

84 3922 140 3975 899
158 3924 196 3990 es.
215 3921 287 3973 Mar.
299 3925 338 3973 27.
425 3919 475 3973 901
494 3921 529 3988 cs.
546 3919 619 3987 Vcrg.
637 3919 704 3972 Aca.
723 3920 742 3970 I
755 3925 813 3974 800.
