2910 5024
640 359 707 413 113.
731 357 907 414 Golimochua.
1289 362 1337 415 141

158 539 175 602 8
287 532 453 598 Iousuuss.
499 528 639 595 Discedo
663 531 704 595 ab
727 531 804 612 hoc,
835 531 973 596 cmdelis
995 532 1116 614 bestia,
1141 533 1216 617 quia
1239 535 1339 598 servi-

199 627 292 686 turus
317 627 367 683 est
390 617 527 683 Christo.

288 705 521 769 Auusouicuos.
566 702 660 766 Licet
687 703 878 766 inrationale
907 705 948 766 sit
975 704 1108 785 animal,
1136 703 1216 768 haut
1244 704 1340 769 surda

199 800 314 858 tamen
338 811 426 869 aure,
451 788 538 875 quod
560 789 690 870 iussisti,
715 788 890 853 obaudivit.
911 791 915 872 Ι

139 883 181 932 t³3·
290 876 456 942 Iouauuss.
502 875 576 940 Nou
598 895 682 957 mea,
705 874 764 939 sed
788 872 906 938 Christi
927 876 1045 940 uirtute
1068 877 1208 961 paruitl
1371 892 1383 931 ⁵

288 965 520 1029 Auonorucuus.
566 960 647 1025 Ideo
670 963 763 1025 citius
787 959 872 1025 dioto
897 963 1036 1026 evanuit.
1057 961 1062 1044 Ι

151 1053 171 1114 9
288 1048 453 1114 Iouauuus.
499 1048 589 1112 Deus
604 1049 895 1132 incircumscriptus
916 1047 1307 1133 etiucomprebensibilis,
1333 1045 1337 1131 Ι

199 1136 342 1223 simplex
371 1140 405 1198 et
431 1134 684 1208 inaestimabilis,
704 1138 709 1215 Ι
731 1136 785 1219 qui
814 1135 900 1198 solus
928 1155 963 1198 es
991 1134 1039 1216 id,
1070 1133 1156 1220 quod
1184 1154 1229 1216 es,
1250 1136 1254 1212 Ι
1275 1135 1338 1219 qui,

200 1222 330 1287 diversa
354 1221 417 1285 duo
434 1223 568 1300 socians,
590 1227 594 1302 Ι
616 1241 657 1285 ex
673 1221 735 1285 hoc
751 1227 784 1285 et
799 1220 861 1285 hoo
877 1221 1040 1284 hominem
1055 1221 1159 1306 fingis,
1180 1219 1185 1304 Ι
1205 1220 1338 1285 eadem-

198 1329 262 1395 qne
287 1307 474 1388 dissocians,
494 1309 498 1390 Ι
519 1328 632 1387 unum,
657 1307 742 1393 quod
766 1306 949 1387 constabat,
977 1308 1125 1386 resolvis,
1147 1312 1151 1386 Ι
1170 1308 1263 1388 iube,
1291 1314 1382 1387 ut,1⁰

196 1395 336 1460 reducto
370 1394 471 1458 halitu
503 1392 725 1478 disiunctaque
757 1395 949 1478 compagine
982 1415 1090 1458 mrsus
1120 1394 1337 1475 conliminata,
1355 1393 1402 1460 sol.
1417 1397 1449 1446 98

200 1481 409 1546 Calimaohus
431 1487 579 1565 resurgat
601 1480 726 1564 plenus,
749 1487 785 1542 ut
809 1480 877 1561 fuit,
900 1480 1014 1558 homo,
1038 1501 1101 1566 quo
1126 1480 1167 1544 ab
1191 1480 1339 1545 omnibus

199 1567 427 1653 magnificeris,
446 1579 451 1643 Ι
472 1568 527 1652 qui
549 1566 636 1630 solus
658 1565 804 1629 miranda
828 1567 980 1651 operaris.
1003 1575 1007 1642 Ι

139 1656 172 1717 lo
286 1654 516 1717 muouourcuus.
568 1653 685 1716 Amen.
705 1652 846 1717 —Ecce
869 1654 986 1716 vitales
1009 1672 1104 1716 auras
1127 1652 1239 1738 carpit,
1258 1649 1261 1735 Ι
1280 1650 1338 1715 sed

200 1761 281 1826 prae
305 1748 436 1825 stupore
460 1739 565 1802 adhuc
588 1739 733 1824 quiescit.
754 1742 758 1819 Ι
1357 1754 1381 1793 1⁵

288 1826 452 1890 Iouauuus
492 1824 689 1905 Calimacbe,
713 1845 808 1910 surge
830 1826 863 1887 in
887 1822 1006 1888 Christi
1029 1825 1170 1903 nomine,
1191 1824 1195 1907 Ι
1216 1830 1263 1900 et,
1286 1829 1337 1887 ut·

200 1932 340 1997 cumque
370 1933 405 1976 se
434 1933 486 1975 res
508 1911 643 1988 habeat,
668 1910 835 1984 confitere;
856 1912 861 1994 Ι
881 1912 1091 1995 quantislibet
1114 1911 1272 1974 obnoxius
1296 1910 1338 1973 sis

199 1999 296 2078 vitiis,
320 2000 477 2084 proferas,
497 1998 502 2081 Ι
521 2017 563 2061 ne
586 2018 645 2061 uos
668 1999 720 2061 vel
742 1998 775 2060 iu
796 1996 925 2062 modico
948 1999 1050 2061 lateat
1072 1998 1201 2061 veritas.
1222 1999 1226 2079 Ι

139 2083 168 2144 ll
283 2083 489 2149 Cauiuacuus.
536 2083 667 2168 Negare
690 2104 834 2168 nequeo,
867 2085 942 2169 quin
966 2083 1116 2169 patrandi
1139 2103 1236 2147 causa
1258 2082 1337 2146 faci-

197 2171 285 2234 noris
322 2172 530 2250 accesserim,
571 2172 646 2256 quia
672 2171 792 2234 infelici
819 2171 976 2253 languore
1008 2170 1217 2235 tabescebam
1245 2171 1250 2249 Ι
1276 2189 1336 2233 noc
1355 2183 1382 2224 ²0

198 2257 312 2321 inliciti
334 2264 460 2321 aestum
483 2259 601 2320 amoris
625 2277 832 2342 compescere
855 2263 1013 2341 poteram.
1035 2260 1039 2335 Ι

284 2343 449 2408 Iousuuss.
496 2343 587 2416 Quae
612 2342 786 2424 dementia,
810 2363 893 2427 quae
917 2344 1041 2407 insania
1064 2349 1096 2407 te
1122 2341 1261 2427 decepit,
1281 2339 1284 2423 Ι
1301 2347 1337 2404 ut

196 2431 293 2579 plastis
317 2450 542 2514 praesumeres
563 2431 752 2514 fragmentis
765 2429 768 2512 Ι
781 2431 914 2494 alicuius
937 2430 1084 2494 iniuriam
1105 2427 1251 2494 conferre
1278 2426 1336 2491 de-

219 2517 395 2580 onestatis‘t

286 2527 492 2666 Osurmduus.
542 2601 677 2686 Propria
705 2601 840 2664 stultitia
867 2601 1024 2686 huiusque
1052 2601 1221 2664 Fortunati
1249 2599 1334 2663 frau-
1354 2614 1380 2654 2³

199 2686 334 2752 doleuta
357 2687 517 2772 deceptio.

138 2772 176 2834 m
287 2773 452 2840 Iounuuus.
495 2771 581 2836 Num
614 2771 731 2856 triplici
753 2771 926 2836 infortunio
958 2773 1041 2837 adeo
1064 2772 1177 2836 infelix
1201 2771 1336 2836 effectus

198 2881 244 2942 es,
266 2861 271 2943 Ι
291 2868 327 2923 ut
349 2860 451 2939 nefas,
476 2858 562 2943 quod
585 2858 724 2936 voluisti,
748 2858 903 2942 perficere
926 2865 1059 2944 posses?
1080 2858 1084 2942 Ι

139 2964 179 3012 os.
288 2944 495 3009 Csuiuscuus.
557 2943 759 3007 Nullatenus.
812 2944 907 3008 Licet
936 2966 1001 3009 non
1030 2945 1186 3009 defuisset
1215 2944 1333 3025 vellat

194 3032 396 3118 possibilitas
420 3038 527 3094 tamen
552 3031 680 3094 omnino
704 3029 808 3094 defuit
828 3035 961 3115 pessel
1354 3045 1381 3084 ³⁰

284 3117 450 3182 Icuauuss.
496 3116 567 3189 Quo
591 3123 686 3201 pacto
709 3116 959 3201 impediebaris?

285 3203 491 3267 Cimmerius.
545 3203 589 3266 Ut
616 3203 771 3288 primum,
805 3203 957 3268 distracto
986 3203 1138 3287 tegmine,
1159 3209 1164 3274 Ι
1184 3200 1334 3264 conviciis

195 3291 355 3375 temptavi
370 3290 529 3353 lacessere
546 3310 659 3374 corpus
675 3290 835 3366 exanime,
850 3288 854 3374 Ι
867 3292 928 3354 iste
940 3290 1145 3369 Fortunatus,
1162 3288 1216 3372 qui
1231 3288 1334 3351 fomes

194 3378 272 3442 mali
297 3384 331 3440 et
353 3377 501 3440 incensor
517 3377 634 3454 extitit,
648 3375 651 3460 Ι
666 3377 857 3461 serpentinis
880 3376 1027 3462 perfusus
1043 3376 1184 3455 venenis,
1207 3374 1313 3459 pariit.
1329 3373 1332 3456 Ι

283 3463 515 3528 Auuaorucuus.
562 3461 735 3527 Ofactum
759 3463 857 3526 bene!
1352 3478 1378 3518 ³⁵

146 3562 166 3623 3
284 3547 490 3613 Osuruncuus.
524 3549 604 3613 Mihi
621 3554 730 3613 autem
747 3549 897 3633 apparuit
911 3549 1045 3627 iuvenis,
1066 3546 1071 3629 Ι
1091 3552 1224 3632 aspectu
1240 3547 1333 3609 terri-

195 3634 281 3715 bilis,
298 3637 301 3718 Ι
316 3635 370 3719 qui
387 3633 550 3699 detectum
568 3657 683 3722 corpus
700 3636 873 3699 honorifica
891 3636 987 3704 texit;
1004 3634 1007 3718 Ι
1022 3654 1064 3698 ex
1080 3634 1168 3698 cuius
1183 3634 1333 3696 flammea

196 3722 279 3785 facie
311 3719 494 3785 candentes
516 3723 549 3784 in
577 3722 707 3786 bustum
737 3722 893 3785 scintillae
925 3720 1162 3798 transiliebant,
1198 3739 1331 3803 quarum

194 3828 260 3871 una
288 3807 436 3871 resiliens
464 3808 540 3872 mihi
568 3809 600 3871 in
623 3808 738 3872 faciem
761 3809 944 3887 ferebatur,
974 3808 1131 3891 simulque
1154 3825 1219 3869 uox
1247 3805 1332 3867 facta

281 3979 299 4031 5
322 3997 379 4031 meo
398 3979 470 4044 df¹p¹
558 3979 591 4031 18
613 3982 701 4032 nolin
718 3983 787 4032 mod·
804 3981 833 4032 ia
850 3999 904 4033 ros.
922 3982 954 4032 M
1039 3979 1073 4031 20
1094 3981 1157 4046 sort.
1175 3995 1332 4030 accesseram

193 4083 229 4136 aa
257 4084 367 4135 asum
395 4083 452 4135 coo.
477 4102 507 4149 p.
530 4088 587 4147 no,
599 4089 631 4134 14
734 4083 768 4137 34
799 4048 916 4137 uoltu
942 4085 974 4134 n
1000 4084 1132 4145 (monor
1161 4099 1228 4134 corr.
1254 4098 1287 4132 m.
1306 4080 1334 4146 r)

193 4152 226 4205 31
246 4154 314 4205 texit
331 4153 367 4202 eie
387 4153 415 4202 M

282 4271 361 4337 isqq.
385 4274 418 4391 cg.
442 4272 563 4337 Pofn.13
580 4272 667 4338 §3sq.
773 4271 805 4325 14
825 4271 858 4334 cs.
876 4272 947 4338 Verp.
966 4271 1030 4322 Asu.
1045 4271 1122 4323 1387
1144 4287 1222 4322 auras
1240 4270 1332 4322 vitales

191 4345 287 4412 carpis.
380 4341 391 4392 l
429 4344 464 4407 cs.
484 4340 569 4396 Cato
586 4341 634 4405 §d
