2910 5024
204 347 257 401 202
571 343 832 399 flnousvlunnn
851 342 983 401 OPERA.

205 525 295 583 earet
324 517 523 595 defensione,
613 516 859 601 quantominus
886 516 954 581 ulla
981 516 1114 583 fulcitur
1135 520 1347 585 anctoritate:
1362 540 1383 599 ja

289 604 376 669 unde
399 605 497 668 etiam
522 623 648 683 vereor,
672 623 724 667 me
749 604 941 668 temeritatis
965 604 1060 689 argui
1149 603 1347 670 tendiculas·

204 713 267 778 que
296 693 470 756 multorum
500 710 564 753 non
592 689 737 753 devitare
768 690 914 769 convicii,
1003 710 1044 755 eo
1068 689 1158 777 qnod
1180 694 1347 779 pomposis

204 782 332 842 facetae
356 778 546 842 urbanitatis
570 775 766 861 exponenda
789 775 983 862 eloquentiis
1071 780 1346 865 praesumpserim

175 865 420 931 9delronestare
454 863 565 928 inculti
602 863 725 925 vilitate
759 863 927 926 sermonis.
1030 860 1065 927 Si
1098 869 1214 929 umen
1248 884 1348 929 sanae
1374 892 1383 929 s

203 952 320 1015 mentis
353 971 493 1015 examen
519 949 706 1027 accesserit,
800 968 883 1033 quae
910 968 964 1013 res
991 956 1082 1014 recte
1111 970 1257 1036 pensare
1285 972 1348 1017 non

203 1040 317 1120 nescit,
405 1042 525 1122 quanto
554 1056 651 1098 sexus
681 1034 827 1119 fragilior
914 1036 1116 1121 scientiaque
1144 1038 1263 1113 minor,

203 1130 294 1188 tanto
318 1124 412 1187 venia
442 1124 503 1186 erit
532 1122 670 1193 facilior;
758 1121 950 1205 praesertim
978 1141 1052 1186 cum
1079 1122 1106 1186 si
1130 1144 1229 1187 mese
1252 1144 1345 1210 prse-

204 1210 404 1295 sumptionis,
493 1207 551 1270 sed
575 1214 716 1270 vestrum
741 1227 840 1271 cansa
860 1207 1010 1271 iussionis
1100 1208 1199 1273 buius
1222 1218 1345 1273 stamen

155 1297 350 1382 ldopnsculi
437 1295 601 1379 coeperim
630 1292 737 1357 ordiri.
826 1292 892 1357 Cur
920 1299 1030 1358 tamen
1058 1294 1198 1361 alionum
1228 1296 1344 1361 indicia
1362 1322 1382 1361 a

204 1381 353 1462 formido,
442 1400 525 1465 quae
548 1381 646 1443 vostri
669 1379 874 1444 solummodo
890 1400 1057 1460 censurae,
1079 1382 1109 1445 si
1131 1380 1213 1468 quid
1236 1383 1344 1449 fefelli.

205 1469 347 1533 obnoxia
369 1468 495 1531 existo?
584 1467 636 1530 vel
659 1487 715 1530 cur
734 1486 896 1552 nequeam
920 1465 1066 1531 devitare
1081 1468 1241 1549 convicia,
1263 1490 1344 1556 quse

204 1554 406 1619 solummodo
495 1553 622 1616 silentio
650 1552 781 1617 studere
812 1552 929 1629 debeo,
1016 1573 1059 1617 ns
1086 1555 1114 1618 si
1141 1556 1261 1619 seriem
1289 1576 1344 1641 pro

204 1643 252 1704 sui
268 1641 393 1705 vilitate
417 1640 497 1703 nulli
513 1638 747 1703 ostendendam
764 1640 862 1703 velim
876 1637 1052 1725 propalari,
1140 1642 1260 1707 merito
1275 1662 1341 1705 orn·

154 1730 190 1789 11
204 1729 291 1791 nium
314 1726 521 1791 succumbam
544 1725 807 1809 reprehensioni?
901 1725 1022 1790 Vestro
1045 1732 1158 1791 autem
1182 1729 1340 1813 vestrique
1355 1746 1373 1785 u

204 1814 453 1890 familiarissimi,
536 1812 586 1876 cui
603 1811 686 1874 hanc
701 1813 914 1876 rusticitatem
930 1812 1083 1875 sanxistis
1098 1824 1337 1899 praesentatum

203 1902 251 1981 iri,
328 1900 450 1964 scilicet
473 1898 719 1983 archipraesulis
733 1897 912 1977 Wilbelmi,
989 1896 1121 1981 iudicio,
1199 1920 1336 1987 quoquo·

202 1985 300 2050 modo
325 1987 444 2050 facturn
467 1986 517 2066 sit,
540 1983 774 2048 aestimandum
799 1985 956 2071 relinquo.

353 2375 484 2439 Pollens
506 2376 634 2461 imperii
655 2385 810 2460 regnator
832 2375 1023 2457 caesariani,

310 2461 417 2541 oddo,
442 2463 495 2547 qui
518 2463 605 2547 regis
628 2463 752 2548 pietate
775 2463 908 2527 fovente
931 2462 1086 2547 perennis

309 2549 348 2613 In
371 2549 490 2634 ceptris
514 2550 694 2633 augustalis
716 2549 903 2635 praeclarus
924 2548 1058 2614 honoris

309 2636 475 2720 Augustos
499 2656 611 2699 ornnes
634 2655 768 2721 superas
790 2638 914 2722 pietate
936 2637 1073 2721 priores,

305 2721 410 2795 Quem
434 2723 543 2808 plures
566 2729 682 2807 gentes
704 2723 825 2808 passim
847 2728 996 2787 metuunt
1019 2720 1214 2805 habitantes,
1294 2738 1320 2787 ot

308 2809 498 2874 Muneribus
522 2810 617 2873 variis
640 2809 806 2872 Romanus
830 2808 930 2873 donat
953 2816 988 2873 et
1009 2808 1111 2873 orbis!

308 2894 473 2981 Exiguum
495 2916 611 2959 munus
634 2916 675 2958 ne
698 2916 832 2981 spernas
855 2896 1005 2960 carminis
1028 2894 1134 2976 buius,

309 2982 377 3046 Iste
400 2981 460 3046 sed
483 2983 610 3047 oblatus
632 2981 764 3046 laudum
787 2982 918 3068 placeat
938 2982 998 3047 tibi
1021 3000 1149 3063 consus,

310 3068 415 3142 Quom
439 3075 603 3153 postrema
625 3069 735 3154 gregis
758 3069 854 3133 solvit
875 3068 935 3132 tibi
957 3066 1257 3145 Gandasbemensis,

307 3155 413 3228 Quem
437 3155 538 3219 dulcia
561 3162 687 3241 patrum
712 3155 845 3239 collegit
867 3174 944 3219 cura
965 3162 1107 3235 tuorum,
1288 3168 1308 3209 ιθ

309 3240 569 3326 Continuumque
593 3241 651 3305 tibi
676 3240 776 3306 debet
798 3238 939 3305 studium
962 3237 1151 3307 famulandi.

308 3327 432 3391 Forsan
455 3336 619 3413 gestorum
643 3328 753 3413 plures
776 3328 933 3429 scripsero
957 3334 1086 3393 tuorum

308 3413 352 3478 Et
374 3421 447 3477 sunt
469 3415 617 3500 scripturi
640 3421 714 3500 post
736 3414 817 3479 haec
838 3414 976 3499 insignia
998 3415 1106 3479 multi:

310 3500 376 3564 Sed
398 3521 462 3564 non
487 3502 674 3587 exemplum
698 3502 867 3586 quisquam
889 3500 967 3565 mibi
988 3500 1141 3586 praebuit
1161 3498 1272 3565 horum.

202 3610 226 3649 a
307 3586 377 3650 Nee
400 3588 571 3651 scribenda
594 3589 682 3673 prius
705 3588 815 3673 scripti
838 3587 980 3651 docuere
1003 3586 1122 3660 libelli;
1276 3590 1310 3643 (ὓ)

286 3743 303 3795 3
321 3746 425 3796 (lentare
444 3746 487 3803 J!‚·
506 3747 540 3811 cf.
555 3751 705 3810 p.107,10.
724 3750 786 3807 202,
793 3750 823 3797 12
892 3744 1091 3812 leloqnsntiss
1108 3746 1143 3798 Π
1155 3734 1307 3812 (eficffl'fl

201 3817 378 3880 comparativa
392 3818 458 3881 ripn.
471 3818 536 3869 436:
550 3834 579 3881 p.
593 3820 647 3877 107,
657 3820 695 3866 21.
715 3820 769 3877 127,
778 3818 818 3867 53.
839 3820 891 3880 175,
901 3818 934 3867 33
950 3816 1021 3881 ete.)=
1037 3832 1107 3869 corr.
1125 3814 1203 3867 Weiss
1213 3802 1306 3878 (M

200 3902 220 3933 s.
231 3884 256 3933 d.
270 3884 299 3935 (l.
311 3884 476 3948 1.l'1›.3sa)‚·
490 3882 600 3951 (serbis)
611 3886 740 3951 pomposis
751 3884 840 3949 Celtas,
852 3885 952 3952 pompis
961 3878 1307 3951 MWW

203 3951 234 4003 12
252 3955 312 4019 sort.
324 3955 364 4005 vol
378 3972 425 4005 cur
437 3970 562 4019 nequeam
577 3950 717 4020 (maligna)
726 3954 729 3963 '
737 3955 852 4005 devitare
864 3954 993 4019 convicini
1066 3954 1101 4007 15
1112 3938 1307 4023 ramatha

287 4041 426 4089 l‘aonoaus
438 4042 457 4090 Ι.
496 4040 527 4091 lsi
545 4042 601 4091 lloc
620 4040 652 4089 d!

203 4124 512 4136 ——.

288 4176 305 4224 a
323 4177 357 4240 cs.
373 4193 401 4242 p.
417 4180 490 4239 213.
580 4178 612 4228 lli
630 4180 664 4244 es.
679 4178 749 4243 prol.
765 4181 838 4241 213.

290 4262 425 4313 l’nonosus
443 4266 461 4313 l.
511 4263 584 4329 lOsq.
609 4266 653 4329 qui
676 4283 693 4314 a
717 4266 838 4329 patribus
860 4266 909 4315 tuis
930 4264 1052 4317 collectus
1074 4264 1120 4317 tidi
1140 4278 1223 4316 som
1239 4242 1306 4307 Η

203 4328 378 4394 (cursianum)
396 4334 547 4398 sinauluruli
565 4335 677 4385 casalium
695 4334 773 4385 debet.
