2910 5024
106 242 153 295 232
469 238 730 294 fluorsvrrunu
749 238 879 295 OPERA.

209 413 299 478 Inter
320 421 483 477 nostrates
506 414 644 479 celebris
666 412 853 499 proiecerat
875 432 991 477 omnes

209 498 354 565 Moribus
377 506 411 563 et
433 500 536 580 factis,
560 501 675 565 callem
699 498 852 584 gradiens
874 498 1026 583 pietatia;

208 586 435 672 Exemploque
461 605 539 650 suae
562 588 674 651 virens
696 586 807 649 matris
829 584 1051 663 venerandae,
1202 610 1221 647 s
1277 634 1278 663 q

213 671 255 735 Se
280 678 382 736 totam
406 672 535 736 domino
558 671 809 737 commendabat
831 691 930 757 prece
952 692 1058 749 sacra,

213 756 320 822 Corde
343 766 458 822 teneus
480 760 592 824 matris
615 759 770 823 monitum
795 757 928 822 claustri
949 758 1104 823 faciendi.

208 843 293 908 Hinc
314 865 389 908 nam
412 845 554 929 legalem
576 867 642 910 non
664 866 736 910 raro
760 844 809 908 sui
831 844 995 909 seniorem

207 930 451 995 Exhortabatur
473 930 600 995 blandis
622 932 755 996 nimium
779 928 933 1009 suadelis,

208 1015 252 1080 Ut
276 1016 316 1080 de
339 1037 492 1102 gazarum
515 1019 748 1082 construxisset
770 1017 974 1103 propriarum
1180 1034 1278 1094 neq

210 1100 347 1188 Sumptu
371 1103 564 1168 coenobium
587 1104 702 1169 divinis
726 1101 875 1168 laudibus
897 1110 1024 1189 aptum,

207 1188 245 1252 ln
269 1209 331 1273 quo
355 1188 532 1254 sacrandae
556 1190 687 1254 domino
711 1190 872 1254 velamine
895 1208 990 1253 sacro

208 1273 386 1339 Finetenus
406 1283 515 1340 castae
537 1283 671 1361 possent
692 1275 843 1341 babitare
865 1275 998 1361 puellae

209 1364 319 1445 Atque
342 1382 459 1426 vacare
483 1362 531 1425 sui
554 1364 657 1427 sancti
679 1362 889 1427 famulamine
911 1362 1034 1447 sponsi.

207 1446 267 1510 His
290 1468 370 1534 ergo
393 1449 521 1512 monitis
544 1451 592 1513 vir
613 1447 822 1513 coneedendo
844 1446 951 1512 fidelia
1213 1480 1278 1527 ιω

210 1532 363 1616 Coniugis
387 1536 513 1599 electae
536 1535 687 1620 precibus
710 1539 919 1599 consenserat
941 1540 1039 1620 apte:

208 1618 258 1682 Ac
280 1621 326 1684 sic
349 1622 509 1684 communi
533 1621 643 1685 similis
666 1622 836 1685 conamine
858 1622 927 1683 voti

207 1704 382 1770 Desorvire
406 1705 468 1770 deo
492 1713 670 1792 coeperunt
690 1707 836 1791 protinus
858 1704 967 1769 ambo.

251 1790 330 1863 Quis
354 1792 414 1856 luit
436 1793 593 1858 ecclesiae
617 1794 781 1878 possessio
804 1790 946 1941 denique
970 1810 1092 1875 parrae

207 1876 310 1942 'Fraus
333 1879 419 1964 ripas
442 1877 579 1944 Gandae
603 1900 701 1963 snpra
721 1884 876 1943 montana
912 1888 1041 1955 coctae,
1178 1904 1278 1941 urz-‚-

210 1962 303 2027 Unde
326 1965 433 2029 locum
457 1965 621 2030 celebrem
645 1965 831 2030 vocitabant
852 1962 1180 2029 Gaudeshemenaem.

206 2049 286 2130 Illic,
310 2051 467 2136 obsequio
491 2051 612 2116 domini
635 2050 733 2137 digne
756 2048 955 2116 celebrando

206 2135 292 2199 Dum
315 2137 403 2200 locus
424 2138 612 2224 investigari
634 2144 747 2223 posset
769 2138 874 2222 magis
896 2144 1005 2224 aptus,

207 2220 377 2287 Communi
400 2224 517 2287 multas
539 2226 606 2288 vita
627 2225 763 2288 iunxere
808 2223 928 2297 uellas3

207 2310 315 2393 Atque
339 2310 388 2373 sui
410 2319 519 2374 natam
543 2308 759 2375 decreverunt
815 2306 1026 2373 atbumodam
1161 2326 1235 2375 (ιω

205 2394 266 2458 liis
288 2395 401 2460 habitu
424 2398 561 2461 similem
584 2397 653 2461 lieri
676 2397 862 2482 sociamque
886 2414 1076 2482 perennem.

206 2480 314 2566 thue
338 2482 491 2566 puellaris
513 2484 631 2548 rectrix
654 2483 724 2547 iore
747 2488 858 2568 posset
881 2482 986 2559 ovilis,

207 2567 358 2631 Primitus
381 2569 464 2633 hanc
487 2571 592 2653 ipsam
614 2576 803 2634 reverenter
824 2567 868 2632 ad
890 2566 1115 2633 instituendam

206 2652 395 2718 Tradebant
417 2656 603 2720 abbatissae
627 2655 754 2720 cuidam
778 2652 998 2733 venerandae,

207 2739 309 2819 Quae,
355 2742 550 2805 roelatarum
573 2742 644 2806 rice
667 2740 872 2807 succedendo
895 2740 1049 2827 priorum,
1158 2752 1201 2799 aa·

123 2874 128 2885 .
205 2824 297 2890 Tunc
355 2827 587 2892 erifordonsem
610 2830 724 2892 sortita
747 2827 806 2892 init
828 2827 890 2892 sibi
912 2825 1039 2893 sedem.

206 2911 277 2975 Tali
301 2912 442 2977 divinum
466 2914 614 2978 meditati
637 2920 712 2978 sunt
733 2914 925 2979 famulatum

206 2998 285 3061 Nisu
308 2999 488 3082 Lindullus,
512 3002 650 3065 coniunx
673 3001 806 3087 insignis
828 3006 863 3063 et
885 3000 966 3065 eius.

249 3087 325 3148 Post
347 3086 429 3150 haec
452 3089 594 3172 acceptis
617 3088 738 3173 proprii
760 3087 821 3151 scri
845 3086 886 3151 tis
907 3084 1055 3161 senioris,

206 3170 336 3235 Scilicet
359 3173 486 3237 almifici
509 3175 660 3258 regisque
683 3174 728 3258 pii
752 3107 946 3251 lllusbowici
1165 3180 1196 3221 ¹¹²·

109 3279 115 3295 ·
205 3256 281 3319 Eius
304 3259 462 3342 pennissu
486 3280 558 3323 cum
581 3281 646 3324 non
669 3258 796 3324 modico
820 3258 977 3324 comitatu

205 3342 343 3407 Romam
367 3346 550 3430 pergebant
573 3347 740 3430 sanctique
763 3345 866 3447 patris
888 3344 1065 3409 visitabant

204 3426 323 3492 Sedem
347 3432 532 3496 muneribus
556 3431 661 3517 dignis
683 3431 898 3517 prcerbusque
920 3430 1080 3515 benignis,

205 3513 310 3599 ipsius
333 3518 454 3581 cruxilio
479 3518 693 3604 deposcentes
715 3539 774 3583 sua
796 3524 873 3583 rota

204 3600 301 3665 quta
324 3604 407 3667 velle
432 3603 484 3667 dci
509 3625 581 3669 sose
604 3605 791 3690 persolvere
814 3623 924 3690 posse.
1161 3616 1176 3650 ¹¹

95 3726 189 3733 -2—
222 3728 289 3735 -...-
321 3729 326 3734 .
464 3730 475 3735 ..
544 3730 568 3737 ...
583 3730 801 3739 ...-—-.-—--—

181 3790 215 3844 93
233 3794 354 3844 uirnirum
373 3795 383 3843 I
481 3792 514 3844 91
533 3804 622 3860 posent
640 3796 674 3845 lu>
772 3814 790 3844 a
803 3814 826 3846 o.
847 3792 897 3845 104
913 3810 1009 3847 raom
1026 3794 1100 3845 roton
1114 3788 1161 3843 inti

97 3859 144 3910 lili
163 3872 252 3927 aptum
271 3863 315 3912 let
399 3860 449 3913 108
466 3865 602 3915 Communi
623 3861 663 3914 b¹r
681 3868 752 3917 Co..
771 3864 789 3925 l,
808 3864 902 3916 Coram
919 3863 953 3913 tr
1037 3862 1083 3917 lll
1101 3864 1155 3929 Μ

142 3934 195 3982 lore
213 3934 302 3983 reatris
320 3933 352 3982 to
461 3932 508 3982 lili
533 3934 595 3983 Tale
613 3933 631 3983 Ιι
737 3931 785 3985 lli
813 3933 898 3985 ursit
1004 3930 1056 3985 119
1082 3932 1149 3985 Ιώ

96 3996 144 4049 121
164 4002 288 4066 porgebat
306 4003 316 4051 l
369 4012 465 4067 patratu
485 4003 495 4051 1
512 3999 627 4068 (¹pctris]
645 4003 698 4067 lege
715 3998 805 4070 patris‘
821 4004 857 4053 ric
875 4001 995 4067 Leibtria)
1075 3998 1145 4055 ¹22¹

95 4067 135 4115 ld:
152 4084 220 4118 corr.
240 4070 314 4120 lter:

97 4162 269 4171 ——-—·
276 4166 406 4176 ——.

182 4220 401 4288 9iirf.Bcr.31.
492 4223 542 4275 110
560 4228 594 4291 cf.
609 4226 761 4290 prina308.
852 4224 901 4277 114
918 4229 955 4294 cs.
971 4228 1124 4294 palata
