2910 5024
163 351 214 406 tot
523 350 785 408 fluorsvluntu
803 352 932 408 OPERA

268 525 314 589 At
359 529 438 605 ater,
461 531 497 589 ut
518 532 629 589 natum
642 523 783 675 prodire
807 525 856 589 sui
879 522 1060 589 redivivum

267 612 317 678 Pe
349 617 456 675 ectum
478 612 586 697 specie
609 612 640 676 vi
665 613 688 674 't
709 611 906 696 plenumque
929 609 1060 694 decore,

269 699 439 763 Interitum
460 697 600 762 lacrimis
623 697 712 762 cuius
735 696 867 763 deflerit
889 698 1017 780 amaris,

268 784 349 849 Mox
371 804 468 869 super
489 785 619 849 insolite
639 784 722 868 signi
743 785 887 848 novitate
910 782 1063 870 stupendi

270 870 469 937 Admirando
492 878 601 956 paret,
624 871 711 934 laeto
734 870 793 935 sed
814 878 949 955 pectore
971 869 1104 956 gaudet

267 957 358 1023 Tunc
381 956 607 1043 amplectendo
631 957 749 1022 collum
772 958 897 1043 pietate
919 963 1068 1043 paterna,

267 1044 360 1109 Mitia
381 1043 548 1131 praedulci
568 1043 727 1107 libaverat
751 1044 861 1108 oscula
882 1043 980 1130 proli;

268 1130 379 1216 Atque
402 1131 498 1196 deum
521 1150 632 1195 verum
655 1130 798 1194 clamans
821 1129 904 1195 dixit
925 1128 995 1195 fore
1019 1127 1191 1211 Christum,

268 1215 369 1282 (luins
392 1225 458 1282 tam
482 1217 624 1281 celerem
646 1217 866 1302 cognoscebat
886 1216 1057 1368 pietatem,

269 1302 368 1369 onius
390 1311 424 1368 et
444 1305 580 1388 imperio
602 1322 689 1368 mors
711 1303 885 1368 succumbe
910 1309 944 1367 at
966 1322 1090 1383 amara,

266 1389 421 1455 Reddens
443 1391 617 1471 viventem,
641 1409 737 1475 quem
759 1389 914 1454 sorbebat
934 1391 1138 1454 morientem.

268 1476 398 1541 Scilicet
421 1483 564 1540 astantes
587 1477 702 1539 animis
725 1476 915 1542 mirantibus
939 1495 1053 1540 omnes

268 1563 400 1628 Tollnnt
420 1564 453 1627 in
476 1563 601 1628 caelum
623 1562 702 1626 laeti
723 1564 898 1647 praeconia
919 1562 1066 1643 laudum,

267 1649 454 1716 Laudantes
476 1656 622 1714 sanctum
645 1648 765 1713 domini
788 1669 906 1714 nomen
929 1648 1104 1714 benedicti.

310 1736 384 1801 Hoc
405 1738 460 1800 vix
482 1736 650 1821 pontifices
673 1734 796 1800 crudeli
821 1735 919 1800 corde
942 1734 1087 1800 ferentes

267 1820 481 1887 Commovere
505 1820 635 1908 quidem
657 1842 721 1886 non
744 1842 878 1906 parvam
902 1820 1107 1903 seditionem,

268 1908 397 1995 Agnem
421 1910 612 1994 sacrilegam
636 1908 781 1973 dicentes
804 1915 838 1972 et
860 1908 1057 1973 scelerosam

268 1993 380 2061 Occidi
403 1997 516 2081 poenis
539 1996 631 2060 citius
655 1995 776 2059 debere
800 1995 949 2070 cruentis,

266 2082 357 2146 Illius
380 2104 477 2147 causo
499 2084 575 2168 quia
598 2088 818 2166 contemptum
841 2080 1036 2145 simulachra

268 2167 455 2254 Cunctaque
478 2189 642 2233 sacrorum
664 2174 854 2254 paterentur
875 2169 946 2233 iura
968 2186 1109 2232 suorum.

265 2253 352 2319 Hinc
373 2276 506 2340 praeses
528 2261 671 2319 maestus
694 2254 822 2319 turbato
844 2262 979 2340 pectore
1002 2254 1107 2318 factus

267 2339 441 2406 Condoluit
462 2362 572 2406 sacrae
595 2341 739 2405 subtristi
761 2349 870 2405 mente
894 2341 1038 2426 puellae;

268 2428 401 2511 Ignorat
423 2434 532 2491 tamen
556 2429 683 2492 omnino
707 2427 834 2505 dubius,
857 2447 955 2512 super
976 2427 1034 2492 illa

268 2514 354 2589 Quid
376 2514 437 2578 sibi
459 2513 657 2596 sectandum,
681 2516 732 2578 rel
756 2513 834 2599 quid
855 2519 995 2579 restaret
1016 2512 1190 2598 agendum:

267 2600 411 2665 Perdere
434 2621 498 2665 non
520 2602 651 2687 placuit,
674 2600 732 2665 sed
755 2621 815 2665 nec
838 2598 1016 2665 defendere
1061 2601 1149 2665 nisit

311 2686 458 2751 Tandem
482 2686 627 2751 discessit
648 2707 808 2762 maerens,
832 2687 996 2772 aliumque
1018 2707 1055 2752 re
1069 2685 1165 2774 'quid

267 2773 386 2838 Iudicis
409 2773 514 2838 officio
538 2774 681 2838 functum
704 2773 833 2837 feritate
856 2774 977 2859 lupina,

267 2860 331 2935 Qui
353 2860 413 2923 fuit
436 2861 592 2945 Aspasius
617 2859 719 2923 dictus
742 2861 869 2944 rituque
893 2860 1058 2946 profanus.
1265 2870 1284 2925 t·

267 2945 331 3019 Qui
353 2948 434 3011 citus
458 2947 623 3032 Agnetem
645 2947 746 3031 proici
769 2966 889 3031 preeoe
914 2948 940 3010 it
961 2947 994 3010 in
1016 2947 1138 3031 ignem,

266 3033 457 3097 Pontificum
480 3034 563 3097 votis
584 3034 669 3097 male
694 3032 876 3097 concorden
901 3054 919 3098 o
943 3033 1103 3183 malignis.

266 3119 333 3184 Sed
356 3140 471 3205 corpus
495 3127 619 3184 castum
643 3119 732 3183 nulla
754 3118 795 3183 de
818 3118 914 3184 sorde
937 3120 1015 3206 pian
1037 3139 1104 3201 um,

266 3206 374 3270 Ardor
396 3208 532 3271 camalis
556 3205 642 3291 quod
665 3226 731 3269 non
754 3204 921 3271 succendit
942 3206 1072 3287 umoris,

265 3293 354 3377 Ignis
376 3314 439 3356 non
461 3292 556 3357 laesit
578 3312 733 3378 praesens
755 3313 816 3357 nec
839 3299 975 3442 tanpere
998 3293 1110 3379 quivit.

265 3378 425 3464 Denique,
450 3378 571 3443 divisae
596 3378 703 3443 divino
729 3380 870 3460 numine,
917 3398 1046 3444 ammae

264 3463 428 3550 Virgineis
450 3465 593 3529 tribuere
616 3466 723 3529 locum
746 3465 896 3551 precibus
919 3466 1110 3551 spatiosum:

265 3550 315 3615 Ac
361 3557 595 3636 rorumpentes,
618 3558 710 3616 aestu
732 3553 897 3636 nimioque
919 3552 1066 3617 furentes

264 3571 411 3702 Perdunt
433 3638 597 3702 camifices
619 3638 742 3702 urendo
766 3639 913 3724 primitus
937 3658 1064 3711 omnes:

266 3722 352 3788 Hinc
375 3725 631 3789 circumstantem
655 3725 837 3789 lambentes
860 3725 1002 3811 undique
1025 3723 1159 3811 plebem

243 3912 295 3967 333
313 3917 372 3966 insu
406 3933 418 3966 r
435 3916 510 3967 solita
527 3915 561 3965 Μ
563 3934 572 3976 ;
589 3917 624 3983 cs.
642 3916 714 3968 Μαν.
730 3920 777 3969 734
846 3915 899 3969 338
916 3918 1037 3970 scolarem
1055 3915 1131 3984 1151
1197 3911 1270 3968 889&

156 3999 187 4033 rt.
208 3983 241 4033 Μ
333 3931 548 4036 Μὸοωουοηωω
566 3985 598 4035 Μ
692 3985 744 4038 343
762 3987 889 4038 benedicti
907 3989 943 4039 εἰσ
962 3987 1004 4046 lc·
1024 3987 1162 4040 montlieu
1179 3984 1272 4048 (Μ

156 4049 207 4102 346
231 4055 266 4117 cf.
290 4071 351 4119 app.
376 4055 412 4105 od
433 4073 456 4106 c.
469 4059 520 4106 443
614 4053 666 4106 354
687 4055 794 4120 Psldero
818 4055 860 4106 Μι
958 4054 1011 4108 356
1033 4057 1136 4109 fomute
1199 4056 1206 4069 ‘
1252 4052 1273 4103 Ἰ

156 4137 208 4170 ναι.
228 4121 261 4171 Μ
335 4121 385 4174 357
404 4125 456 4175 suit
473 4123 509 4174 Μ
573 4121 625 4176 358
643 4126 720 4176 citius
739 4125 772 4175 Μ
839 4123 890 4177 364
908 4126 971 4192 sort.
990 4125 1114 4192 pedibu&
1218 4118 1275 4191 fl

156 4189 382 4242 Pr.·Ambrcrr‘um
399 4192 520 4259 (c.2,11)
539 4193 579 4244 bic
597 4195 680 4245 oratio
698 4211 718 4246 r.
739 4194 846 4261 Agnetis
914 4194 965 4246 367
984 4196 1183 4248 &summm
1198 4192 1236 4246 Μ’

243 4342 347 4412 3330f.
366 4345 507 4412 Aprum.
595 4345 698 4414 335cf.
716 4347 795 4400 Dion.
811 4351 870 4401 220.
959 4344 1228 4417 metutam
