2910 5024
561 354 630 410 113.
651 352 826 408 Ocltmacbus.
1212 356 1263 410 143

10 528 98 619 119]
122 531 326 684 patientiam,
354 535 358 608 Ι
385 529 439 614 qui
472 533 646 614 peccantes
678 548 763 592 nunc
796 534 931 614 patemo
966 548 1056 593 more
1091 527 1261 593 tolerando

144 616 290 699 landiris,
310 619 315 699 Ι
335 636 419 680 nuno
440 617 525 679 iusta
548 616 722 679 severitate
747 613 935 698 castigando
965 613 1008 679 ad
1029 617 1263 701 poenitentiam

123 706 251 791 cogis!
415 756 420 767 .

211 790 443 854 Auoaourouus.
488 787 573 851 Laus
596 788 665 851 eius
688 785 816 850 divinae
838 787 962 872 pietati.

58 876 101 937 20
215 874 407 959 (Inmunis.)
454 872 533 947 Quis
556 872 693 938 auderet
716 872 860 952 credere,
882 882 886 948 Ι
906 874 1018 958 quisve
1041 881 1264 958 praesumeret
1294 891 1305 928 ι

127 982 273 1050 sperare,
288 961 291 1044 l
305 966 341 1024 ut
362 959 459 1040 hunc,
484 981 580 1046 quem
604 961 782 1025 criminosis
797 959 800 1044 l
814 961 972 1024 intentum
988 960 1073 1023 vitiis
1087 959 1091 1044 l
1107 981 1192 1024 mors
1214 961 1264 1026 in-

126 1050 219 1114 venit
235 1050 238 1132 l
256 1056 290 1112 et
306 1048 470 1111 inventum
486 1048 628 1129 abstulit,
649 1053 654 1127 1
673 1047 720 1110 tui
734 1047 898 1112 miseratio
915 1045 1072 1111 advitam
1088 1047 1262 1130 excitare}

125 1135 321 1201 adveniam
349 1132 536 1219 dignaretur
562 1138 735 1219 repararet
755 1136 760 1216 Ι
781 1132 830 1196 Sit
856 1153 975 1197 nomen
1002 1141 1092 1197 tuum
1119 1140 1265 1198 sanctum

125 1221 336 1287 benedictum
359 1221 392 1284 in
413 1221 554 1298 saecula,
573 1220 578 1301 Ι
598 1221 652 1304 qui
675 1220 761 1283 solus
784 1219 863 1283 facis
879 1219 1039 1304 stupendo
1061 1220 1235 1285 mirabilia!
1258 1220 1262 1306 Ι

57 1314 96 1376 21
212 1307 444 1373 Aunnourcuus.
488 1305 559 1386 Eia,
582 1312 694 1370 sancte
710 1305 881 1385 Iohannes,
901 1309 906 1386 Ι
927 1312 960 1370 et
975 1327 1027 1370 me
1044 1308 1203 1371 consolari
1223 1320 1309 1371 ne1⁰

126 1392 253 1466 tardes;
274 1397 279 1474 Ι
299 1412 373 1456 nam
390 1393 567 1477 coniugalis
590 1413 681 1456 amor
695 1392 875 1456 Dmsianae
896 1401 901 1469 1
920 1413 1027 1457 meam
1043 1393 1124 1457 haut
1146 1395 1267 1478 patitur

126 1488 272 1545 mentem
296 1479 482 1560 consistere,
502 1487 507 1562 Ι
527 1480 587 1542 nisi
616 1485 650 1543 et
671 1480 774 1563 ipsam
799 1480 988 1564 quantocius
1008 1479 1135 1544 rideam
1159 1500 1265 1544 resur-

126 1574 253 1633 rectum
277 1567 360 1642 iret

216 1653 378 1717 lousuuss.
413 1650 584 1731 Dmsiana,
600 1650 772 1714 resuscitet
787 1656 820 1713 te
837 1648 984 1713 dominus
1000 1649 1093 1714 Iesus
1109 1650 1265 1716 Christus.

215 1738 386 1805 Dnusrsus.
431 1737 518 1801 Laus
546 1742 579 1800 et
608 1736 712 1800 honor
734 1736 802 1816 tibi,
826 1735 963 1817 Christe,
984 1745 989 1813 Ι
1009 1738 1063 1822 qni
1084 1759 1137 1803 me
1161 1738 1266 1802 fecisti
1286 1758 1309 1797 rs

126 1826 359 1904 reviviscere!

218 1911 425 1976 Clururcuus.
470 1906 641 1993 Sospitatis
665 1909 787 1972 auctori
808 1914 928 1993 grates,
952 1908 1006 1993 qui
1029 1914 1072 1988 te,
1095 1930 1170 1973 mea
1186 1909 1267 1974 Dru-

130 2000 231 2076 siana,
253 2002 258 2077 1
277 2015 448 2081 resurgere
472 1994 563 2058 dedit
584 1996 617 2058 in
632 1983 767 2075 laetitia,
788 1996 793 2075 Ι
813 2015 896 2079 quae
912 1996 1004 2080 gravi
1027 2016 1099 2059 cum
1118 1996 1266 2080 tristitia!

131 2083 364 2168 defungebaris
387 2085 570 2162 extrema!

62 2168 105 2230 22
216 2169 386 2234 Duusmus.
431 2167 538 2231 Decet
566 2168 611 2231 tui
638 2167 858 2245 sanctitatem,
887 2164 1071 2230 venerande
1098 2171 1193 2251 pater
1213 2165 1267 2231 Io·
1287 2189 1313 2228 so

130 2258 272 2337 hannes,
296 2262 345 2332 ut,
369 2256 559 2318 resuscitato
585 2253 785 2334 Calimacbo,
814 2253 869 2337 qui
891 2272 942 2315 me
965 2253 1085 2317 inlicite
1108 2255 1238 2333 amavit,
1263 2254 1267 2338 l

132 2352 166 2409 et
189 2343 275 2406 hunc
298 2342 479 2405 resuscites.
503 2341 558 2425 qui
580 2342 645 2403 mei
668 2338 814 2425 proditor
836 2339 955 2402 funeris
978 2340 1120 2414 extitit!
1166 2352 1168 2355 ·

220 2428 426 2493 Osnruucuus.
474 2426 524 2490 Ne
548 2426 680 2511 dignum
704 2426 818 2507 ducas,
842 2424 960 2490 Christi
983 2427 1140 2511 apostole,
1161 2427 1165 2507 Ι
1185 2426 1269 2490 hunc

10 2540 49 2594 η.
59 2530 115 2578 ²07.
134 2514 346 2601 proditorem,
360 2514 363 2596 l
378 2513 462 2577 hunc
477 2514 720 2577 malefactorem
739 2525 742 2592 ι
760 2533 780 2575 a
795 2513 928 2575 vinculis
942 2513 1054 2575 mortis
1069 2512 1267 2597 absolverat
1287 2530 1335 2598 sor,
1349 2536 1413 2587 1001

132 2603 190 2753 put
211 2621 265 2666 ms
289 2599 427 2685 decepit,
447 2599 451 2679 Ι
472 2619 524 2662 me
540 2599 670 2663 seduxit
689 2604 694 2680 l
714 2619 831 2684 meque
855 2597 897 2662 ad
913 2597 1098 2663 audendum
1115 2600 1267 2664 horribile
1286 2622 1312 2662 rs

146 2689 257 2753 acinus
279 2686 476 2772 provocarit.
498 2690 503 2766 l

219 2773 384 2838 Iouruuss.
439 2771 512 2835 Non
547 2770 648 2835 debes
683 2771 728 2834 illi
759 2768 902 2834 insidere
936 2774 941 2851 Ι
970 2771 1108 2854 gratiam
1144 2771 1270 2835 divinae

132 2861 362 2938 clementissi

223 2945 429 3010 Osnrurcuus.
478 2942 552 3007 Non
579 2948 629 3007 est
656 2944 740 3007 enim
771 2940 887 3026 dignus
916 2944 1162 3021 resurrectione,
1187 2951 1191 3023 l
1217 2942 1270 3027 qui

132 3039 248 3097 auctor
271 3032 379 3097 extitit
400 3028 573 3116 perditioni
595 3030 730 3094 alienae.
752 3031 756 3109 Ι
1290 3053 1316 3093 ao

65 3127 105 3189 23
222 3118 386 3182 Iousuuns.
432 3116 506 3180 Lex
527 3123 657 3179 nostrae
674 3116 837 3202 religionis
854 3114 959 3195 docet,
982 3121 1018 3178 ut
1037 3113 1133 3177 homo
1149 3113 1271 3177 homini

135 3206 288 3279 dimittat,
310 3211 315 3278 Ι
335 3205 360 3266 si
382 3205 453 3288 ipse
476 3224 496 3266 a
519 3201 581 3265 deo
606 3201 722 3266 dimitti
745 3202 902 3284 ambiat!

223 3291 455 3355 Auunoumnus.
501 3289 633 3352 lustum.

223 3377 388 3442 Iousuuss.
435 3373 571 3449 Quando
599 3375 698 3439 etiam
726 3373 779 3438 dei
806 3374 990 3457 unigenitus
1010 3377 1015 3451 1
1035 3371 1186 3456 idemque
1209 3372 1272 3435 vir-

135 3464 221 3549 ginis
249 3462 493 3548 primogenitus,
515 3465 519 3535 Ι
539 3462 593 3547 qui
622 3461 709 3525 solus
737 3462 906 3539 innocens,
935 3460 1022 3523 solus
1049 3459 1272 3538 inmaculatus,
1292 3482 1316 3521 ss

136 3551 226 3614 solus
255 3549 324 3613 sine
351 3549 476 3612 veterni
503 3547 597 3612 sorde
629 3547 738 3611 delicti
764 3548 796 3610 in
823 3545 977 3609 mundum
1008 3547 1106 3619 venit,
1131 3556 1136 3624 Ι
1161 3566 1274 3610 omnes

136 3636 197 3701 snb
220 3636 312 3721 gravi
335 3654 433 3699 onere
456 3635 581 3719 peccati
604 3633 775 3719 depressos
798 3634 952 3711 inveniti

224 3722 456 3786 Aunnomcuus.
501 3719 633 3785 Vemm.

65 3818 108 3878 24
223 3808 387 3872 Ionsuuss.
424 3806 501 3887 Sed,
519 3808 597 3871 licet
611 3808 733 3871 nullum
749 3808 877 3885 iustum,
895 3805 898 3889 l
917 3805 1039 3869 nullum
1055 3802 1275 3867 misericordia

226 3963 244 4015 5
263 3967 394 4015 lentum
411 3963 474 4016 cdd.
494 3962 575 4015 θεῖαι
666 3962 698 4014 14
715 3965 778 4028 sort.
797 3963 932 4013 resuscitat
1016 3959 1048 4010 19
1066 3961 1106 4011 die
1125 3960 1276 4025 fungebaris

136 4043 256 4087 extrem
267 4032 312 4082 Μ’
323 4031 369 4095 (m.
381 4033 480 4099 sadi),
489 4033 534 4099 p¹,·
546 4034 587 4085 dei
600 4036 617 4084 l.
630 4049 652 4084 e.
661 4033 694 4097 p¹
750 4029 785 4082 94
797 4031 977 4082 malefietorem
991 4029 1024 4079 M
1025 4030 1033 4060 ¹
1086 4027 1120 4080 34
1133 4029 1234 4094 uirgnis
1246 4028 1281 4079 M

136 4103 171 4157 36
189 4104 266 4155 sorde
283 4103 333 4153 fnit
350 4102 374 4153 d
394 4101 436 4152 Μ’
455 4101 545 4166 (minio
564 4103 635 4168 det),
648 4102 681 4166 ΡΙ
768 4097 803 4151 39
821 4101 870 4151 Sed
888 4100 948 4151 licet
964 4099 1000 4149 sic
1018 4098 1052 4148 M
1111 4095 1226 4150 misorda
1240 4099 1275 4157 Μ,

136 4173 316 4225 misericordi}
330 4187 350 4236 p

224 4291 262 4345 32
279 4293 315 4356 cs.
335 4291 427 4342 Moab.
442 4294 506 4353 6,12
524 4298 550 4342 et
566 4292 665 4342 dimitte
682 4290 757 4341 uobis
775 4288 861 4339 debita
878 4297 966 4339 nostra
983 4288 1050 4338 siout
1068 4296 1093 4339 et
1111 4304 1157 4338 nos
1175 4289 1278 4338 dimitti·

134 4381 195 4418 mus
212 4361 375 4415 debitoribus
393 4362 494 4412 nostris.
530 4356 564 4411 36
582 4362 616 4426 of.
635 4359 761 4410 Diom37.
