2910 5024
254 352 306 407 108
619 348 881 405 Huousvt'rfllu
899 347 1030 406 OPERA.

257 526 333 611 quia
348 525 443 589 trium
459 524 677 588 testimonium
765 528 892 588 constat
907 542 979 588 esse
994 542 1119 603 venum,
1201 525 1321 589 secuit

255 612 466 678 corroborata
482 611 650 674 sententiis
730 610 909 675 fiducialius
925 629 1098 695 praesumo
1115 616 1149 675 et
1163 610 1400 697 componendis

256 719 389 785 operam
413 697 502 778 dare,
591 697 617 760 si
640 696 768 782 quando
791 695 871 761 deus
893 697 1042 761 annuerit
1054 716 1169 847 posse,
1260 708 1297 763 et
1317 718 1399 785 quo-

210 792 230 854 6
255 804 464 869 rumoumque
481 784 675 870 sapientium
693 803 833 847 examen
849 782 967 848 subire.
1072 789 1146 848 nter
1160 782 1248 849 haec
1263 783 1398 850 dirersis

255 872 441 953 affectibus,
478 870 597 956 gaudio
625 869 778 934 videlicet
808 876 842 934 et
869 877 975 950 metu,
1012 870 1046 933 in
1074 868 1240 935 diversum
1271 871 1431 939 treltorzs

256 957 354 1024 deum
375 978 532 1043 namque,
563 957 652 1021 cuiue
675 955 878 1021 solummodo
901 957 1006 1042 gretia
1028 976 1099 1021 sum
1121 955 1173 1036 id,
1203 956 1294 1043 quod
1316 978 1396 1039 sum,

255 1046 288 1109 in
311 1065 363 1109 me
387 1043 512 1109 laudari
535 1042 728 1108 cordetenus
750 1041 896 1128 gaudeo;
983 1042 1044 1108 sed
1065 1044 1179 1125 maior,
1202 1064 1304 1130 quam
1326 1047 1394 1111 tim

255 1131 359 1197 videri
381 1132 491 1212 timeo,
600 1131 653 1193 uia
675 1136 847 1215 utrumque
869 1129 962 1195 nefas
985 1149 1057 1194 esse
1080 1150 1146 1195 non
1167 1130 1314 1217 ambigo,

257 1225 291 1284 et
312 1219 488 1303 gratuitum
512 1215 566 1281 dei
579 1152 708 1281 (donum
730 1236 867 1301 negare,
962 1222 997 1282 et
1018 1236 1083 1281 nou
1105 1225 1280 1304 acceptum
1302 1238 1393 1285 aoce-

211 1308 230 1368 'l
255 1306 342 1391 pisse
365 1305 526 1372 simulare.
615 1303 710 1368 Unde
734 1323 798 1367 non
814 1302 953 1388 denego,
976 1310 1165 1390 praestanto
1182 1305 1291 1389 grstia
1305 1324 1392 1371 cree-
1405 1290 1442 1409 z,

257 1392 334 1456 toris
357 1412 417 1542 per
432 1390 584 1477 dynamin
607 1410 660 1454 me
684 1396 770 1453 artes
786 1391 879 1471 scire,
968 1390 1044 1477 quia
1058 1410 1129 1454 snm
1153 1390 1276 1456 animal
1291 1412 1392 1479 capu

258 1478 360 1563 discip
374 1479 459 1559 inae,
547 1476 605 1541 sed
632 1496 692 1561 per
716 1477 871 1561 energian
893 1476 999 1541 fateor
1021 1478 1152 1541 omnino
1174 1496 1312 1543 neocue.

214 1565 438 1651 8Perspicax
472 1583 601 1649 quoque
636 1564 802 1647 ingenium
836 1562 986 1627 divinitus
1021 1562 1101 1627 mihi
1135 1563 1292 1629 collatum
1325 1584 1392 1630 esse

258 1671 417 1737 agnosco;
445 1649 505 1714 sed
525 1651 750 1734 magistromm
773 1657 921 1714 cessante
945 1649 1114 1735 diligentia
1135 1650 1293 1715 incultum
1362 1664 1392 1715 et

212 1736 232 1798 9
257 1738 408 1839 propriae
424 1737 555 1823 pigritia
569 1737 705 1801 inertiae
722 1743 830 1822 torpet
843 1736 1040 1821 neglectum.
1114 1734 1334 1837 Quapropter,
1354 1758 1391 1803 ne
1405 1764 1425 1803 n

105 1847 168 1898 paq.
182 1833 239 1883 142.
258 1846 291 1888 m
305 1845 358 1889 me
375 1823 494 1888 donum
510 1821 563 1887 dei
579 1823 799 1887 annullaretur
815 1823 857 1887 ob
872 1823 1116 1908 neglegentiam
1132 1842 1210 1903 men,
1287 1824 1315 1889 si
1333 1844 1391 1925 qut

257 1912 340 1976 forte
365 1910 419 1974 fila
434 1911 486 1974 vel
503 1911 600 1975 etiam
616 1910 734 1974 floccos
757 1908 798 1974 de
814 1910 1002 1995 panniculis,
1026 1930 1046 1973 a
1062 1914 1155 1974 veste
1169 1909 1391 1996 philosopluu

257 1998 413 2083 abruptis,
429 1997 571 2061 evellere
588 1997 684 2082 quivi,
740 1995 888 2083 praelato
905 1997 1058 2081 opusculo
1075 1995 1220 2061 inserere
1235 1998 1355 2077 curari,

280 2104 321 2148 uo
345 2084 450 2147 vilitas
474 2104 568 2147 meae
591 2083 778 2147 inscientiae
794 2082 1035 2147 intermixtione
1057 2082 1226 2148 nobilioris
1240 2084 1393 2149 materiae

257 2106 480 2252 illustraretur,
564 2178 598 2234 et
620 2170 757 2253 largitor
776 2169 899 2253 ingenii
921 2174 1012 2234 tanto
1034 2169 1174 2254 amplius
1196 2169 1230 2235 in
1251 2190 1308 2235 me
1328 2171 1392 2235 iure
1407 2194 1428 2233 o

260 2256 457 2337 laudaretur,
538 2263 658 2341 quanto
681 2256 846 2320 muliebris
869 2275 982 2321 sensus
1003 2252 1126 2321 tardior
1148 2275 1224 2321 esse
1246 2254 1393 2323 ereditur.

197 2349 236 2410 10
317 2343 410 2407 Haec
424 2363 499 2406 mea
514 2343 547 2406 in
564 2342 713 2406 dictando
729 2343 876 2423 intentio,
942 2342 1188 2408 haeosolamei
1204 2342 1332 2409 sudoris
1348 2352 1393 2408 ott

259 2450 370 2499 causa;
429 2449 535 2514 neque
551 2428 731 2492 simulando
748 2449 800 2493 me
816 2428 939 2493 nescita
954 2429 1036 2493 scire
1049 2429 1148 2503 iacto,
1208 2428 1283 2513 sed,
1297 2450 1394 2517 quan·

201 2522 236 2582 11
262 2522 330 2579 tum
353 2514 395 2579 ad
417 2536 481 2593 me,
505 2521 631 2579 tantum
654 2516 732 2593 scio,
756 2514 844 2601 quod
864 2515 985 2580 nescio.
1057 2514 1142 2589 Quia
1164 2516 1254 2581 enim
1277 2523 1395 2583 steen

256 2602 355 2667 vestm
381 2602 499 2666 favoris
522 2608 556 2666 at
579 2622 620 2665 ue
643 2603 808 2688 petitionis
831 2600 1030 2666 hartmdineo
1054 2621 1145 2667 more
1167 2602 1339 2685 inclinata,
1357 2602 1394 2669 li·
1409 2624 1430 2667 e

256 2689 391 2769 bellum,
415 2709 512 2774 quem
535 2623 592 2752 tadi
614 2689 792 2754 intentione
816 2687 970 2838 disposui,
1048 2687 1148 2754 sedu
1188 2708 1231 2754 ue
1254 2688 1319 2756 lsue
1362 2710 1396 2755 ro

258 2776 307 2840 sui
322 2776 447 2840 vilitate
471 2776 635 2840 occultare
652 2796 747 2861 quam
771 2777 804 2839 in
826 2796 935 2860 paam
950 2774 1096 2860 prolerre
1119 2796 1152 2840 m
1187 2776 1231 2857 ui,
1307 2796 1330 2841 t
1372 2777 1381 2791 ⁰

258 2861 525 2949 perscrutandum
550 2861 682 2940 tradidi,
780 2860 890 2939 decet,
924 2869 960 2925 ut
988 2882 1052 2926 non
1074 2862 1208 2927 minoris
1230 2861 1397 2951 diligendo

259 2948 481 3014 sollicitudinis
560 2968 634 3013 eum
651 2947 854 3014 emendando
870 2948 1082 3033 investigetis,
1165 2969 1265 3035 quam
1279 2948 1397 3053 propi

196 3038 234 3098 12
258 3037 374 3101 seriem
404 3035 534 3100 laboris.
637 3034 680 3099 Et
709 3036 754 3100 sic
781 3033 914 3099 tandem
945 3034 988 3099 ad
1017 3054 1165 3099 normam
1197 3034 1433 3103 rectitudine·

258 3123 466 3188 reformatum
484 3122 561 3186 mihi
578 3122 744 3199 remittite,
818 3142 892 3207 quo,
905 3121 1005 3186 vestri
1019 3122 1209 3207 magisterio
1224 3142 1397 3209 praemon·

259 3216 394 3290 strante,
481 3211 513 3273 in
536 3209 652 3294 quibus
675 3209 817 3272 maxime
841 3228 1040 3294 peccassem,
1063 3208 1186 3295 possim
1206 3228 1400 3297 agnoeoere.

343 3397 360 3447 4
371 3402 432 3463 fort.
444 3400 552 3450 diversis
564 3400 701 3450 affectibus
715 3395 833 3465 (fatigor)
851 3400 856 3460 Ι
919 3396 952 3450 12
963 3401 1096 3467 enerigian
1108 3381 1177 3453 satir
1187 3398 1224 3451 d!
1292 3398 1328 3453 13
1337 3402 1398 3467 [ert

258 3468 393 3533 perspicax
405 3485 507 3532 quoque
520 3469 653 3535 ingenium
666 3470 669 3527 i
681 3486 794 3535 agnomo
808 3470 933 3520 divinitus
945 3470 1008 3520 mihi
1020 3486 1077 3521 ease
1088 3470 1214 3523 collatum
1227 3478 1232 3535 l
1279 3468 1315 3522 19
1326 3470 1388 3523 inte

259 3536 311 3587 ine·
330 3547 448 3601 coeperat
462 3537 494 3586 J!
537 3547 638 3588 marene
651 3536 685 3586 l!
750 3537 782 3589 21
802 3539 902 3590 tandior
914 3538 966 3602 31²,
984 3540 1090 3591 condior
1095 3539 1130 3605 p¹
1198 3536 1360 3591 talantum

257 3602 292 3656 ‘28
310 3607 401 3656 tradidi
420 3607 446 3656 ia
463 3624 516 3656 rot.
535 3609 597 3658 ot.1
615 3607 658 3666 lt,-
676 3609 813 3659 tradideret
825 3609 868 3672 γ’,
886 3619 967 3659 -rctur
979 3607 1016 3673 μ’
1033 3608 1094 3673 (om.
1112 3608 1198 3673 deoet)

347 3780 376 3829 ll
401 3781 552 3829 elocutionee
575 3779 752 3831 Aristotelicas
777 3778 823 3847 (cs.
847 3779 954 3843 Bonita,
978 3779 1033 3830 iud.
1051 3778 1160 3831 An'ttot.
1177 3794 1209 3844 p.
1223 3776 1310 3844 2⁰7⁸)
1334 3776 1399 3829 edo

259 3848 309 3898 Ην.
329 3849 434 3907 eiecerit,
451 3850 548 3901 caercio:
566 3858 675 3900 ceterum
694 3851 728 3915 cs.
748 3849 839 3901 Boetia
858 3866 946 3900 comm.
969 3844 1031 3917 napi
1054 3844 1202 3917 ἑρμηνείας
1219 3848 1261 3901 eti.
1279 3864 1329 3901 etr.
1343 3846 1399 3899 115

258 3918 320 3968 (rte.
344 3918 439 3969 Jler'aer
452 3919 486 3968 ΙΙ
503 3935 531 3983 p.
546 3922 601 3980 1118,
613 3920 665 3982 to):
691 3920 765 3971 Ιιοηιο
788 3928 824 3970 eat
841 3920 935 3970 animal
953 3918 1091 3983 rationale,
1116 3917 1241 3979 mortulo,
1262 3918 1358 3971 men&
1373 3926 1397 3969 Ι

258 3988 408 4054 disciplinae
426 4004 518 4055 capax.
590 3986 621 4038 17
640 3990 675 4051 cs.
694 3988 783 4038 Boctlt.
802 3989 897 4040 consol.
915 3988 1012 4040 Portos.
1026 3987 1046 4037 Ι
1055 4004 1100 4054 pr.
1112 3989 1178 4052 3,ae
1195 3996 1305 4043 votem.
1322 4000 1397 4055 qun

258 4060 321 4107 ineis
339 4066 472 4108 texueram
491 4058 620 4116 titanibus,
640 4059 797 4110 disciderunt
815 4059 980 4125 abreptisque
997 4058 1031 4108 ab
1048 4073 1079 4109 es
1094 4056 1243 4126 panniculis
1259 4066 1343 4110 totum
1359 4070 1397 4107 nt

257 4127 306 4175 silli
329 4128 436 4177 cessisse
457 4128 590 4179 eredentes
611 4127 739 4178 abierunt.
828 4126 862 4179 25
883 4128 917 4192 cf.
941 4126 1034 4177 Most.
1055 4132 1091 4191 n,
1108 4130 1124 4177 7
1143 4126 1299 4179 arundiuem
1323 4136 1396 4177 mn

258 4196 387 4257 agitatam.
