2910 5024
657 365 921 423 HROTSVl'l'HAE
940 364 1072 422 OPERA.

401 543 531 607 Italiam
555 540 648 627 petiit
668 541 808 626 fortique
832 559 930 603 manu
952 539 1148 690 penetrarit,
1374 562 1445 609 a&

402 629 564 693 Exortans
587 628 688 714 patris
711 626 846 711 imperio
870 646 959 711 popu
972 648 1026 691 um
1049 624 1130 690 dare
1153 626 1256 699 colla:

402 715 545 800 Moxque
563 713 657 795 redit,
674 713 796 777 clarum
811 712 957 777 referens
973 713 1042 777 sine
1057 718 1165 777 marte
1181 712 1380 799 triumphum.

405 802 477 875 Quo
501 823 561 865 rex
584 807 761 886 comperto,
784 800 913 885 populis
935 797 1153 879 narrantibus,
1177 799 1270 875 otte,

406 887 514 952 Corde
538 907 636 971 super
658 892 767 950 natum
790 886 878 950 laeto
902 884 1083 972 plaudebat
1103 884 1293 965 amandum,

404 974 510 1058 Ipsius
534 993 632 1037 eausa
655 973 709 1057 qui
731 974 796 1036 iam
819 971 1002 1036 discrimina
1024 978 1117 1035 tanta
1374 990 1413 1031 -ι
1432 1010 1445 1047 ,-

404 1059 572 1123 Audacter
595 1060 702 1139 subiit,
726 1066 859 1143 gentem
882 1056 1043 1122 turbando
1066 1057 1226 1122 ferocem.

406 1146 515 1231 thue
539 1146 632 1209 labor
654 1145 727 1208 talis
750 1166 815 1209 non
837 1145 1046 1209 frustraretur
1068 1144 1201 1223 amoris,

405 1233 480 1317 lpse
506 1231 637 1317 quidem
662 1239 795 1315 gentem
819 1231 955 1294 festinus
977 1229 1079 1295 adivit
1101 1228 1256 1309 eandem,

404 1317 515 1383 Plebis
538 1339 602 1382 uon
625 1337 727 1403 parva
749 1318 900 1404 propriae
924 1318 1100 1381 eomitante
1123 1322 1274 1389 catarum

404 1404 540 1489 Regalis
562 1424 703 1490 pompae
726 1404 815 1467 vario
839 1408 1052 1489 comptusque
1075 1400 1209 1483 dacore,
1400 1436 1445 1481 ς,

404 1491 447 1554 Al
471 1491 543 1554 ibus
566 1491 728 1554 accinctas
750 1491 823 1554 altis
845 1491 1023 1554 intraverat
1044 1488 1155 1555 boras

483 1578 510 1640 is
533 1577 743 1661 Beringarius
767 1576 940 1661 compartis
964 1575 1224 1661 obstupefactus,

403 1662 477 1727 Non
500 1662 623 1727 bellum
645 1664 755 1743 movit,
779 1664 849 1747 regi
871 1682 937 1725 uon
959 1662 1074 1727 obvim
1096 1662 1178 1743 exit,

406 1749 473 1814 Sed
495 1769 531 1812 se
554 1748 743 1813 salvandum
767 1749 901 1813 castello
924 1749 1071 1833 protinus
1093 1754 1174 1849 apte

404 1835 527 1915 intulit,
549 1836 584 1898 in
607 1836 684 1898 tutis
706 1835 812 1921 posito
836 1835 999 1921 firmisque
1022 1834 1160 1900 locelbs.

405 1922 452 1986 At
474 1942 534 1985 rex
556 1922 699 1984 famosus
721 1928 843 2003 noster,
864 1921 984 1985 virtute
1007 1941 1044 1984 su
1069 1920 1181 1999 arbua,

404 2007 572 2072 Audacter
593 2008 671 2071 satis
694 2009 823 2092 ignotas
845 2007 1032 2093 pertransiit
1046 1942 1170 2081 boran

404 2095 509 2159 Italici
531 2094 667 2180 Papiam
690 2094 782 2178 regni
805 2094 893 2195 cepit
915 2114 1044 2180 quoque
1067 2091 1235 2159 domnam.

406 2180 479 2254 Qua
503 2187 591 2244 certe
615 2186 721 2266 capta,
745 2186 851 2244 eunetr
873 2180 964 2244 velut
985 2180 1117 2265 agmine
1140 2178 1229 2245 facte

406 2266 609 2340 Quaerentes
631 2286 745 2350 regem
767 2285 920 2352 proceras
942 2285 1064 2331 venere
1086 2272 1264 2341 recentem,
1362 2270 1445 2311 ⁴⁰¹

406 2352 649 2438 Certabantque
672 2373 730 2416 suo
753 2352 873 2417 iuriae
896 2351 1037 2417 subdere
1059 2371 1192 2439 magne.

407 2439 496 2513 Ques
519 2460 594 2502 nam
617 2459 707 2502 more
731 2458 788 2502 suo
812 2440 954 2525 suscepit
974 2444 1086 2503 mente
1108 2437 1261 2525 benigna,

407 2525 605 2590 Promittens
628 2525 706 2612 ipsis
729 2526 799 2589 eius
820 2545 937 2590 munus
959 2525 1103 2611 pietatis,

409 2612 445 2677 si
467 2618 542 2698 post
565 2612 647 2675 haec
669 2612 717 2675 illi
739 2612 898 2675 servirent
919 2618 1030 2676 mente
1052 2610 1153 2677 lideli.

451 2698 525 2761 Istis
547 2698 593 2761 sie
615 2697 746 2779 habitis,
770 2697 884 2763 orabro
906 2698 1099 2763 tractamine
1121 2695 1230 2762 cordis
1381 2690 1445 2737 '²¹⁴

408 2782 555 2869 Reginae
579 2785 656 2847 satis
680 2786 834 2885 egregiae
857 2804 982 2848 memor
1004 2791 1055 2848 est
1075 2780 1314 2853 AEdelheithse

407 2868 568 2954 Regalem
591 2877 679 2934 certe
703 2890 836 2955 cupreus
859 2868 1054 2971 quandoque
1077 2869 1190 2937 ridere

406 2956 512 3085 Ipsius
534 2957 662 3035 faeiem,
685 2957 774 3020 ouius
798 2956 909 3021 didicit
931 2956 1123 3023 bemtatem.

407 3042 503 3107 lude
527 3042 669 3127 quidem,
693 3042 887 3108 mandatelis
909 3044 1067 3108 secretius
1088 3042 1182 3125 aetia,
1433 3118 1437 3127 ¹

410 3128 503 3201 Quae
527 3130 654 3193 fuerant
676 3130 766 3213 pacis
788 3150 912 3194 necnon
959 3128 1121 3195 raedulcis
1143 3126 1271 3207 amoris,
1366 3122 1438 3169 *ν’

414 3214 481 3279 Sub
505 3216 597 3300 signe
620 3214 697 3279 fidei
720 3216 833 3280 firmae
854 3150 1068 3281 mandaverat
1088 3214 1148 3297 illi,

409 3299 483 3365 Hoc
509 3322 636 3387 quoque
660 3301 801 3366 suadelis
824 3302 1060 3367 exhortabatur
1081 3300 1205 3383 amicia,

299 3409 340 3447 aas
410 3385 455 3450 Ut
479 3388 576 3452 celeri
599 3388 736 3474 Papiam
760 3409 855 3452 eursu
877 3394 1018 3474 peteret,
1040 3388 1236 3475 populosam

411 3472 545 3555 Urbem,
570 3495 667 3560 quam
690 3495 762 3538 eum
786 3475 915 3538 tristitia
936 3473 1059 3541 dimisit
1081 3494 1205 3555 amera,

387 3662 438 3715 613
456 3665 551 3715 cellum
564 3664 607 3715 JJ:
625 3666 739 3721 corren':
756 3668 791 3734 cf.
809 3666 865 3717 Pal.
879 3668 916 3718 88
989 3663 1041 3717 617
1059 3666 1211 3719 discrimine
1228 3674 1298 3719 tuta
1313 3624 1445 3725 (alla

301 3732 695 3853 il1b⁶ii¹eoeoi²irl⁸⁸¹¹⁹
714 3734 757 3784 Ml
844 3734 896 3787 ⁶2⁴
913 3736 1059 3803 mmm
1076 3734 1111 3785 Μ
1195 3732 1250 3789 ⁶³⁰
1263 3732 1366 3787 ω

186 3977 193 3993 .
388 3940 440 3993 613
453 3943 488 4006 cf.
498 3946 629 4007 pererra.
708 3939 1001 4008 ars‘aoseqeorm
1012 3938 1343 4009 nuspa-areauna
1373 3910 1445 3983 »4

302 4009 353 4061 ere
377 4014 412 4077 ef.
443 4011 608 4075 roeplar.
697 4009 747 4061 ou
771 4012 804 4077 es.
828 4010 898 4078 resq.
923 4010 1126 4065 aarum
1149 4010 1244 4065 nasa
1374 4000 1445 4039 Ἀ

304 4080 383 4131 Dion.
397 4085 450 4130 141.
506 4078 556 4131 621
570 4082 604 4148 cs.
618 4080 684 4131 Aen.
696 4080 781 4132 1140.
793 4083 852 4132 370.
911 4078 1290 4147 624aqq.es.K.·D.p.106¹·
1330 4068 1370 4127 θ)
1437 4114 1445 4121 -

303 4147 398 4199 ω.
418 4167 446 4214 p.
460 4149 531 4200 196⁴.
619 4149 670 4201 oue
694 4154 730 4216 es.
755 4150 817 4200 aas.
839 4149 877 4201 aa
897 4148 1104 4213 anomaeos
1120 4166 1170 4203 suo
1187 4150 1239 4203 sus
1255 4148 1303 4201 aa
1317 4132 1445 4211 ose

303 4214 416 4281 63‘Isqq.
434 4220 469 4283 cf.
489 4217 570 4269 nt-D.
585 4236 613 4284 p.
628 4223 720 4285 ldfsq.
791 4216 842 4269 637
860 4219 896 4285 cf.
906 4227 968 4285 pert.
978 4222 1032 4271 125.
1101 4216 1219 4287 bllafl.
1238 4198 1445 4331 &5

305 4285 441 4351 lietscbust
465 4285 511 4350 (cs.
532 4298 593 4353 pest.
612 4288 681 4351 100),
705 4288 748 4339 die
766 4284 973 4353 Friedempnm
994 4286 1051 4339 und
1075 4288 1203 4357 ΨΜ
1218 4284 1324 4345 ΜΗ,
1348 4342 1355 4363 ι

302 4370 332 4405 er
351 4354 392 4404 ilrr
409 4355 526 4419 feierlr'olr
544 4358 599 4409 uod
615 4360 664 4409 rtet
681 4375 707 4410 es
725 4357 767 4408 ilrr
783 4356 935 4423 [medlick
951 4373 998 4421 aa,
1014 4356 1083 4411 met
1100 4356 1187 4410 Pario
1203 4374 1236 4409 aa
1250 4356 1371 4409 11111-

1402 4614 1445 4954 l
