2910 5024
227 314 280 369 214
591 309 853 366 Hrousvluflnu
872 309 1003 366 OPERA.

225 510 266 551 sm
336 485 403 551 Sed
425 506 504 550 mox
526 486 693 550 consilium
716 484 837 549 cunetis
858 482 993 548 nudavit
1015 503 1140 566 eorum,

334 572 379 637 Et
400 574 446 637 sic
466 573 602 636 insontis
624 572 766 635 salvatus
789 576 860 635 erat
881 570 967 634 bene
990 570 1139 655 sanguin

336 658 463 746 Quique
485 659 534 722 rei
555 658 666 743 placiti
688 664 762 721 sunt
783 657 905 721 inventi
927 656 1093 735 scelerosi,

334 745 399 810 Pro
421 744 553 809 modulo
577 746 691 830 culpae
714 744 827 829 poenis
850 742 1044 807 damnantur
1065 742 1204 808 amaris:

336 830 475 906 Quidem
498 830 617 895 iudicio
640 829 751 916 quidni
774 829 892 893 dantur
914 830 1056 915 capitali,

335 917 475 993 Quidem
499 916 540 981 de
561 917 668 1003 patria
689 917 787 1002 longe
811 916 975 1002 pelluntur
996 914 1148 981 amanda

377 1004 458 1068 Post
479 1004 562 1067 haec
584 1002 754 1084 Henricus,
777 1002 878 1066 frater
898 1001 986 1087 regis
1007 1022 1201 1087 generosus,

335 1089 454 1154 Christi
475 1090 612 1175 gratiola
634 1096 738 1153 tactus
760 1088 820 1153 sub
844 1086 940 1153 corde
963 1094 1103 1170 secreto,

334 1174 452 1241 Secum
475 1176 625 1240 tractavit
647 1195 838 1261 summoque
861 1173 974 1240 dolore
996 1174 1146 1255 revolvit,

333 1260 456 1327 Contra
477 1263 631 1326 iustitiam
655 1261 806 1348 quicquid
828 1260 1012 1348 perfecerat
1032 1280 1189 1347 unquam.

334 1348 410 1413 Hoc
434 1369 561 1435 quoque
585 1348 717 1413 deflerit
738 1348 844 1412 nimiis
866 1366 1027 1434 persaepe
1049 1346 1215 1429 lamentis,

334 1433 430 1508 Quod
450 1436 536 1499 male
558 1434 710 1499 blanditis
732 1434 847 1499 borum
869 1434 966 1499 cessit
988 1432 1144 1517 suadelis,

333 1522 446 1608 Ipsum
470 1521 523 1607 qui
544 1521 653 1585 verbis
676 1527 888 1607 corrupemnt
909 1518 1076 1585 simulatis.

332 1606 399 1672 Sed
422 1608 568 1692 quamvis
590 1608 689 1672 talem
711 1608 812 1673 ferret
833 1606 893 1671 snb
916 1605 1014 1671 corde
1038 1604 1198 1689 dolorem,

332 1694 549 1758 Praesentare
572 1700 682 1758 tamen
704 1694 801 1779 spatii
822 1713 881 1779 per
902 1698 1053 1778 tempore
1073 1692 1168 1779 longi

331 1779 407 1844 Non
429 1800 464 1844 se
486 1800 522 1844 re
547 1780 590 1843 ali
611 1780 842 1866 praesumebat
863 1778 973 1854 faciei;

333 1866 463 1931 Absens
486 1801 546 1930 sed
567 1866 672 1930 cordis
693 1866 800 1930 studio
822 1866 958 1930 florente
983 1863 1124 1931 dolentis

333 1951 488 2038 Optabat,
511 1952 626 2016 veniae
650 1952 720 2016 dari
741 1973 857 2017 munus
879 1951 941 2016 sibi
964 1949 1070 2017 dulce.

332 2038 480 2103 Tandem
503 2045 650 2124 percerte
674 2039 749 2104 lorti
772 2039 917 2104 devictus
939 2057 1063 2119 umore,

332 2125 412 2189 llice
436 2125 610 2211 poenalem
633 2126 750 2210 proicit
772 2125 812 2189 de
836 2123 935 2190 corde
958 2126 1120 2205 timorem,

330 2210 385 2292 Et,
409 2211 468 2276 sub
492 2213 654 2275 nocturnis
677 2212 809 2276 nimium
832 2217 960 2276 secreto
982 2208 1127 2275 tenebris

332 2297 530 2377 Adveniens,
552 2298 586 2361 in
607 2299 753 2382 regalem
777 2318 812 2362 se
836 2298 972 2363 contulit
993 2296 1120 2376 urbem,

331 2383 372 2448 In
394 2404 458 2469 que
478 2385 621 2448 natalem
644 2385 731 2469 regis
753 2383 921 2449 celebrare
943 2383 1096 2470 perennia

330 2470 406 2534 Rex
429 2471 500 2556 pius
523 2470 686 2556 obsequiis
709 2471 817 2555 coepit
839 2470 1064 2556 sollempniter
1084 2466 1182 2553 aptis

329 2556 562 2642 Depositisque
585 2558 650 2621 suis
673 2556 870 2621 ornamentis
891 2556 1053 2643 pretiosis,

331 2641 492 2728 Simplicis
515 2650 548 2707 et
570 2644 675 2707 tenuis
699 2643 813 2707 fruitur
833 2643 995 2708 velamine
1016 2643 1129 2727 restis,

332 2728 423 2792 Inter
445 2735 587 2793 sacratos
609 2730 713 2794 noctis
734 2729 930 2794 venerabilis
951 2728 1090 2815 hymnos

331 2815 460 2880 Intrsns
482 2815 611 2879 nudatis
634 2816 747 2901 templi
769 2837 862 2881 sacre
882 2816 994 2881 limina
1015 2816 1152 2917 plantis;
1303 2834 1358 2887 (cnr

331 2901 401 2966 Nec
423 2902 534 2965 horret
555 2902 671 2966 hiemis
693 2922 827 2967 saevum
849 2903 950 2987 frigus
972 2902 1131 2986 iuuentis,

332 2987 398 3052 Sed
421 3009 523 3073 prono
546 3009 670 3053 sacram
693 2989 784 3052 vultu
806 2995 987 3074 prostratus
1007 2988 1052 3054 ad
1072 3008 1177 3071 uam,

331 3072 457 3159 Corpus
481 3075 641 3160 frigoreae
664 3076 799 3139 sociavit
820 3074 929 3139 nobile
952 3082 1071 3158 terrae,

331 3160 386 3225 Sic
408 3161 453 3225 sic
476 3162 651 3225 maerentis
673 3168 742 3226 toto
767 3162 936 3227 conamina
959 3160 1066 3227 cordis
1375 3180 1449 3247 {au

331 3245 457 3331 Optcns
478 3248 636 3333 praestari
659 3249 774 3313 veniae
796 3268 913 3313 munus
934 3248 996 3313 sibi
1018 3247 1126 3315 dulce.
1306 3264 1364 3315 (ers)

331 3331 402 3406 Quo
425 3354 485 3397 rex
508 3341 685 3419 comperto,
710 3335 811 3399 victus
832 3335 957 3420 pietate
979 3334 1124 3422 benigna

329 3419 548 3505 Instantisque
570 3441 696 3485 memor
719 3419 792 3485 festi
816 3422 938 3485 cunctis
960 3420 1149 3505 venerandi,

326 3505 366 3569 In
389 3527 451 3590 quo
474 3507 649 3571 caelicolae
672 3527 789 3593 pacem
810 3506 932 3573 mundo
955 3508 1115 3591 cecinere,

328 3590 425 3656 Laeti
446 3613 525 3678 rege
549 3614 606 3657 suo
630 3600 745 3658 tenera
766 3594 808 3658 de
830 3595 955 3679 virgine
976 3601 1066 3677 nato,

327 3678 373 3743 Ut
394 3680 448 3765 pie
471 3681 612 3744 salvaret
634 3679 788 3744 mundum
810 3682 927 3746 merito
949 3682 1140 3768 periturum,
1305 3700 1362 3757 (ser

252 3904 261 3935 ἱ
305 3833 358 3887 &56
376 3838 429 3889 Iter
445 3837 478 3887 Μ
545 3836 597 3890 362
615 3840 746 3905 Exoptans
763 3839 874 3906 prestari
890 3838 968 3903 venie
984 3854 1082 3893 munus
1098 3840 1150 3893 sibi
1166 3841 1225 3925 dul]
1240 3841 1276 3895 1
1288 3842 1361 3909 (dud

218 3903 562 4040 ssigpiaerffissptans
590 3907 677 3971 Oeltes,
704 3910 738 3974 cf.
765 3911 858 3960 cti?
882 3908 1027 3976 (Exoptans
1052 3924 1086 3961 ω
1106 3926 1236 3965 mn
1255 3930 1283 3967 s.
1302 3916 1361 3981 m)

305 4091 403 4159 tetaq.
430 4098 463 4161 cf.
480 4099 660 4179 pestAEOan,
678 4095 761 4147 K-D.
776 4095 889 4161 p.117⁸.
994 4093 1048 4149 840
1073 4098 1110 4167 ef.
1132 4098 1254 4169 They&
1265 4108 1360 4173 ⁴⁴14

218 4159 401 4351 {⁶1¹ng
411 4168 472 4369 lit:
513 4163 818 4320 ‚ettftfftcl
831 4173 907 4287 'lc
922 4162 1361 4311 ffatim&

397 4318 449 4368 unq
463 4320 529 4353 rau.
