2910 5024
513 372 525 426 I
542 374 567 426 4.
585 373 720 442 Pelagius.

153 547 321 631 Rumpunt
343 546 375 608 iu
398 546 481 610 tales
503 547 668 610 miseranti
689 551 822 632 pectore
846 567 957 610 voces:

152 633 249 714 ‘Heu,
272 634 359 697 iocet
382 633 540 696 exanimis
564 634 712 719 propriae
735 653 810 718 spes
832 634 927 696 unica
949 637 1064 718 gentis,

151 722 261 804 Atque
285 718 385 783 decus
407 720 532 803 patriae
555 720 670 782 tumuli
693 720 761 783 sine
785 718 895 783 sordet
916 719 1053 786 honore!

151 806 269 869 Nonne
293 807 371 869 satis
393 806 500 869 multis
524 808 640 869 scimus
663 827 721 869 nos
743 806 886 870 rendere
910 809 1003 872 seclis

153 891 292 977 Semper
315 898 498 955 sanctorum
522 893 711 977 corpuscula
734 913 831 977 passo
853 894 1004 973 virorum,

154 978 243 1050 Quos
266 978 380 1064 cepitis
403 977 521 1043 caedes
543 985 778 1042 monstraverat
801 999 872 1043 esse
895 979 1029 1045 fideles?

151 1065 195 1128 Et
219 1066 290 1149 quis
312 1063 485 1129 laudabilis
508 1064 635 1129 dubitet
658 1086 771 1150 corpus
794 1066 864 1129 sore
887 1068 988 1148 testis,

154 1151 250 1224 Quod
272 1156 419 1215 truncum
443 1153 560 1216 misere
585 1153 698 1237 capitis
720 1153 805 1215 iacet
828 1152 952 1237 absque
977 1154 1130 1220 decore?²

197 1237 290 1301 Haec
313 1239 369 1302 ubi
392 1237 479 1301 dicta
502 1238 632 1319 dabant,
655 1239 730 1302 navi
752 1239 805 1324 pia
828 1239 974 1303 membra
996 1243 1158 1323 locabant,

153 1323 197 1387 Et
219 1325 312 1388 citius
334 1325 436 1388 versis
458 1325 663 1410 remigabant
685 1324 823 1410 denique
846 1325 928 1389 velis

152 1410 313 1474 Famosae
337 1412 458 1475 cunctis
481 1411 523 1474 ad
546 1418 673 1497 portam
695 1412 846 1496 gentibus
869 1412 965 1476 urbis.

153 1496 218 1561 Hic
241 1517 370 1582 quoque
393 1497 551 1561 subducta
574 1499 638 1561 iam
661 1518 849 1583 processere
873 1500 990 1577 carine,

153 1583 197 1646 Et
219 1585 301 1647 clam
325 1585 517 1648 coenobium
540 1583 667 1648 Christo
691 1584 815 1669 petiere
839 1592 997 1649 sacratum

157 1670 247 1733 lntrs
268 1690 334 1733 non
355 1671 501 1735 modicos
523 1671 611 1734 urbis
633 1671 820 1735 venerabile
844 1692 962 1752 muros,

156 1756 330 1820 Portantes
352 1759 456 1843 pretio
479 1757 684 1821 rendendum
709 1757 848 1841 denique
871 1779 989 1842 magno

154 1841 343 1906 Extinctum
366 1845 457 1908 testis
480 1845 574 1907 funus
597 1845 783 1908 venerabile
807 1844 908 1907 terris.

154 1927 250 2000 Quod
273 1930 420 2014 gaudens
441 1930 568 2015 hymnis
592 1933 733 2015 suscepit
755 1930 849 1994 turba
872 1930 977 1994 fidelis

157 2014 328 2097 Suaribus,
353 2019 508 2102 exequias
532 2018 700 2081 celebrans
724 2015 765 2080 de
789 2037 878 2080 more
902 2024 1056 2100 sacratas,

155 2101 307 2187 Largiter
330 2112 363 2167 et
385 2106 524 2188 pretium
548 2106 652 2167 nautis
675 2103 786 2167 tribuit
808 2111 1045 2189 superauctum,

159 2187 345 2253 Ardesoens
367 2192 469 2254 sancti
491 2191 627 2254 mercari
650 2211 765 2275 corpus
788 2190 927 2254 amandi.

155 2274 226 2347 Quo
250 2297 326 2338 nam
348 2283 492 2340 mercato
514 2278 610 2362 pretii
632 2297 697 2339 non
719 2297 852 2340 munere
876 2298 978 2362 pauco

153 2361 294 2445 Eligitur
316 2363 411 2426 tellus
434 2363 587 2427 membris
610 2364 754 2447 locuples
777 2364 963 2445 retinendis,

154 2448 193 2511 In
216 2469 290 2533 qua,
314 2469 464 2533 suprema
486 2450 581 2513 busto
627 2471 723 2534 ompa
745 2457 905 2534 reparato,

156 2534 282 2599 Glebae
306 2536 364 2599 sub
389 2537 515 2599 cumulo
540 2472 719 2600 conduntur
741 2537 900 2619 fragmina
923 2559 1023 2605 sacra.

157 2620 249 2693 Quae
272 2642 350 2685 mox
373 2622 560 2707 stelligerae
584 2630 737 2706 regnator
759 2624 919 2687 maximus
941 2628 1035 2689 aulae

157 2708 194 2771 ln
218 2709 341 2771 tumulo
365 2710 464 2792 signis
486 2709 577 2772 iussit
600 2710 725 2793 fulgere
749 2711 900 2791 coruscis,

155 2794 193 2857 ln
218 2795 317 2857 caelis
339 2796 447 2858 anima
470 2797 547 2859 satis
570 2804 606 2858 ut
628 2801 784 2878 regnante
807 2796 907 2860 beata

153 2882 270 2964 Aequa
293 2881 430 2965 gloriola
452 2889 627 2967 regnarent
648 2888 775 2945 mortua
797 2884 952 2947 membra.
1181 2897 1229 2962 sol.
1242 2900 1290 2947 sor

199 2967 349 3052 Denique
373 2970 527 3032 collectus
551 2989 685 3032 cernens
709 2990 751 3031 ex
773 2968 853 3032 urbe
877 2970 1037 3054 popellus,

154 3053 230 3117 Non
252 3075 356 3138 pauco
379 3057 475 3119 variis
499 3055 648 3119 obsessos
672 3064 819 3139 tempore
843 3055 963 3118 morbis

156 3139 318 3204 hiundatis
340 3142 404 3206 illic
427 3141 531 3205 foedis
554 3141 723 3227 putredine
747 3141 899 3205 membris

156 3226 281 3290 Saliari
328 3229 416 3308 ratis,
440 3228 528 3291 nulla
551 3228 701 3292 mercede
725 3227 847 3306 salutis,

37 3341 81 3380 sro
155 3312 240 3377 Nam
263 3249 376 3378 rudem
399 3316 506 3378 meriti
528 3321 673 3378 sanctum
697 3314 814 3377 titubat
837 3314 907 3377 fore
931 3314 1022 3390 tanti,

155 3400 247 3463 Illius
270 3407 306 3463 ut
328 3421 425 3465 causa
447 3402 562 3465 fierent
584 3401 737 3464 miracula
760 3406 859 3463 tanto.

157 3486 306 3551 Tandem
330 3488 478 3552 coenobii
501 3489 651 3573 princeps
673 3496 843 3572 rectorque
866 3488 998 3572 popelli,

155 3572 288 3657 Optima
311 3575 435 3638 consilii
457 3581 597 3638 tractans
621 3574 834 3637 medicamina
856 3574 934 3656 sani,

157 3660 266 3723 Sensit
290 3661 518 3725 celsithronum
542 3661 662 3725 devota
685 3667 793 3724 mente
817 3660 1024 3744 precandum,

39 3772 80 3812 ars
155 3745 317 3818 Quoiam
341 3747 512 3830 dignanter
533 3748 628 3811 solita
650 3748 772 3832 pietate
796 3753 946 3833 patenter

152 3832 338 3918 Detegeret
361 3833 458 3898 dubio
482 3854 600 3899 caussa
622 3842 749 3898 secrete
771 3840 907 3898 remoto.

156 3917 255 3992 Quod
277 3940 356 3984 mox
378 3941 537 4006 personae
562 3941 658 3984 sexus
682 3926 796 4005 optant
817 3921 994 4003 utriusque,

132 4048 186 4102 320
208 4053 274 4102 Nam
297 4053 387 4102 rudem
411 4053 448 4103 cic
471 4053 516 4114 M,·
537 4055 606 4104 Num
630 4053 675 4116 (=
694 4071 737 4104 -ns
761 4053 842 4118 Gorty.
862 4051 923 4116 394)
946 4051 1073 4116 corripere
1095 4048 1185 4100 malim

41 4138 124 4187 piram
141 4121 239 4171 titubat
256 4122 272 4170 ι’.
286 4138 307 4172 e.
324 4117 419 4188 ‘nepos
436 4123 566 4187 explicare
652 4120 704 4172 376
722 4130 820 4173 remota
837 4121 868 4171 M

135 4231 241 4299 asses.
260 4233 338 4284 Dion
356 4237 380 4285 5.
399 4237 458 4296 243,
479 4233 668 4296 Galim.o§3,
687 4233 846 4301 Sap.8§1,
859 4232 938 4297 prim.
952 4234 1010 4284 538.
1080 4230 1185 4298 358010.

44 4301 287 4438 Wfflssdff‘
300 4306 358 4356 430.
428 4301 481 4355 362
498 4306 533 4370 cf.
551 4303 607 4354 Pel.
618 4306 677 4355 389.
748 4301 798 4354 367
816 4303 850 4369 cs.
865 4301 946 4368 Gorty.
959 4304 1017 4354 313.
1088 4298 1184 4367 370sq.
