2962 5506
379 881 412 936 14
739 877 1001 933 Hucusvffnnll
1020 878 1149 934 OPERA.

484 1050 711 1138 ‘Omnipotens
733 1058 850 1134 rector,
873 1054 960 1117 solus
982 1053 1113 1138 pietatis
1136 1060 1270 1136 amator,

377 1165 416 1206 ur
487 1137 675 1204 Clementer
696 1140 827 1225 proprio
850 1140 955 1205 fecisti
977 1141 1059 1204 mira
1081 1141 1224 1225 popello,

486 1226 658 1311 Aspiciens
681 1225 835 1290 humilem
859 1226 1040 1291 miserendo
1063 1247 1170 1291 meam
1194 1248 1323 1314 quoque

486 1313 556 1376 Iam
580 1311 773 1399 desperatae
797 1311 923 1377 donasti
946 1312 1081 1399 grundio
1103 1321 1209 1378 nutas.

488 1398 605 1464 Audeo
628 1406 776 1485 percerte
799 1400 979 1486 posthaec
1001 1400 1060 1464 tibi
1082 1421 1216 1465 munere
1238 1402 1330 1478 ferre

486 1485 557 1551 Nee
577 1506 702 1563 vereor,
726 1485 899 1572 prohibere
922 1507 1031 1551 meum
1052 1488 1231 1573 posthaec
1252 1488 1330 1551 inim

487 1573 616 1653 †Quem
638 1575 754 1637 ristem
778 1574 876 1638 sacris
899 1574 1012 1659 templi
1035 1575 1157 1639 sociata
1179 1575 1331 1639 ministris

486 1659 572 1725 Hine
594 1665 628 1724 te
651 1660 810 1724 caelestes
833 1660 1028 1725 conlaudant
1049 1660 1162 1726 sedulo
1186 1663 1283 1740 cives,

487 1744 690 1831 Oondignum
713 1767 842 1811 carmen
864 1745 1061 1812 modulando
1084 1750 1279 1832 perenniter.
1303 1747 1330 1812 A

487 1831 550 1898 His
572 1834 618 1897 ita
639 1833 736 1898 finitis
759 1833 1024 1899 orentis'scilieet
1046 1836 1136 1910 orsis,

487 1919 641 1984 Germine
665 1920 776 1985 felices
799 1921 871 1984 talis
893 1919 1023 1986 rediere
1043 1928 1197 2006 parentes

488 2005 621 2089 Indolis‚
642 2007 676 2071 in
698 2008 820 2092 templo
844 2027 944 2092 parva
966 2014 1155 2072 remanente
1178 2003 1289 2070 Maria.

530 2092 653 2158 Omnes
676 2093 836 2158 humunce
859 2101 1025 2180 nequeunt
1047 2093 1268 2180 conprendere
1291 2093 1330 2158 lin

486 2178 558 2244 Nec
579 2181 665 2266 potis
688 2188 738 2245 est
760 2180 894 2259 stabilis,
918 2182 1064 2266 quumvis
1086 2181 1220 2246 verbum
1243 2191 1330 2245 sonet

487 2267 583 2331 latius
604 2268 736 2332 infantis
758 2270 958 2352 praeclaram
981 2268 1090 2333 dicere
1114 2268 1243 2347 famam,

489 2353 557 2418 Sed
578 2374 639 2418 nec
660 2354 827 2419 mirandae
849 2355 949 2418 vitam
971 2375 1143 2440 moresque
1165 2354 1305 2441 puellae.

490 2440 569 2515 Quis
590 2440 724 2505 laudare
746 2440 851 2505 modis
873 2442 958 2527 potis
981 2448 1032 2506 est
1053 2462 1112 2527 per
1134 2442 1264 2507 saecule
1286 2439 1330 2525 dig

489 2525 584 2592 Haec
607 2528 693 2613 quie,
716 2528 866 2592 continuo
890 2529 978 2593 cunis
1000 2529 1174 2607 subtracta,
1197 2527 1307 2615 puelle

490 2613 625 2678 illatoris
648 2615 735 2677 omni
756 2613 887 2678 lucebat
907 2615 1049 2679 moribus
1073 2615 1143 2680 orbi

488 2699 560 2765 Nec
582 2701 752 2786 quiequam
774 2700 929 2765 membris
952 2703 1052 2786 gessit
1072 2701 1196 2786 puerile
1220 2699 1330 2764 tenelli

491 2789 552 2850 Ast
572 2788 606 2851 in
628 2788 812 2873 praeceptis
835 2788 941 2852 fueret
962 2789 1135 2853 iustissimo
1156 2788 1187 2851 le
1213 2787 1239 2850 's

491 2872 626 2938 Necnon
649 2873 843 2938 carminibus
866 2895 995 2960 semper
1016 2875 1160 2939 studiosa
1215 2872 1330 2937 uvidis‘,

489 2958 583 3024 Haec
605 2959 756 3045 prudens,
778 2960 917 3039 humilis,
940 2962 1068 3026 fervens
1091 2959 1261 3026 dulcedine
1284 2979 1330 3023 mc

490 3045 648 3112 Omnibus
670 3052 767 3148 atque
790 3048 932 3133 placens,
956 3053 1025 3112 tota
1047 3049 1166 3113 virtute
1189 3047 1330 3131 refulget

489 3132 584 3198 Hune
605 3133 744 3199 bominis
766 3135 1015 3200 maledicentem
1037 3156 1102 3199 non
1124 3133 1226 3199 audiit
1247 3134 1330 3197 auris

492 3219 659 3285 Offensam
680 3219 739 3284 sed
761 3242 822 3286 nee
844 3223 1010 3308 quisquam
1034 3227 1231 3306 cognoverat
1253 3241 1330 3305 umq

492 3304 631 3391 Semper
653 3314 724 3372 erat
742 3310 828 3373 mitis
850 3329 976 3374 necnon
999 3309 1182 3393 gratissima
1205 3308 1328 3372 cunctis

489 3392 543 3469 Et,
567 3414 651 3479 quae
673 3415 791 3479 nempe
814 3416 872 3460 suo
895 3396 1047 3481 profluxit
1070 3395 1111 3459 ab
1136 3416 1191 3459 ore
1215 3394 1330 3481 loquelc

489 3478 631 3546 Nectare
654 3482 812 3567 gratiolae
836 3482 943 3547 iuerat
965 3482 1094 3547 condita
1117 3503 1288 3567 supemee.

489 3565 542 3644 ut,
567 3588 640 3632 curn
663 3569 740 3655 quis.
755 3569 862 3634 serbis
884 3569 930 3633 illi
952 3567 1121 3634 benedixit
1144 3569 1265 3648 amicis,

489 3653 568 3718 Mox
590 3661 700 3740 grates
722 3653 853 3720 domino
876 3656 1000 3720 curavit
1021 3654 1159 3719 reddere
1183 3677 1319 3734 summo,

487 3739 558 3805 Nec
579 3741 625 3806 sio
647 3741 761 3806 divinis
784 3743 927 3828 linguam
949 3743 1106 3807 retineret
1128 3743 1169 3806 ab
1193 3741 1276 3814 odis;

490 3825 752 3914 Exemplumque
776 3831 840 3894 suis
862 3831 894 3893 in
918 3849 953 3893 se
975 3829 1165 3914 praenobile
1189 3829 1311 3893 eunctis

490 3912 670 4000 Praeponit
690 3917 785 3981 sociis
807 3918 872 3980 ium
899 3917 1109 4001 cunctigenae
1133 3916 1294 3980 bonitatis.

489 3998 506 4062 I
530 4000 595 4065 aius
617 4002 733 4067 faeiem
755 4004 850 4068 niveo
875 4003 1014 4067 candore
1037 4004 1194 4066 nitentem

558 4088 638 4152 dunt
659 4088 802 4154 ardentis
824 4089 932 4155 radios
956 4090 1155 4175 praecellere
1179 4088 1255 4153 solis

470 4294 520 4348 317
539 4297 684 4364 desperaste
703 4298 736 4348 l!
802 4296 854 4350 318
871 4315 977 4350 munere
994 4298 1028 4347 M
1098 4295 1151 4349 320
1168 4300 1250 4360 Quem
1269 4298 1330 4349 uists

383 4365 485 4418 uirilem
504 4365 555 4430 Μ’,
572 4369 654 4431 Quem
672 4369 775 4420 uisitem
790 4386 824 4434 ιη
841 4371 903 4435 fort.
921 4369 1046 4433 Quamvis
1063 4375 1128 4419 stem
1147 4365 1193 4432 (es.
1212 4385 1234 4417 u.
1247 4367 1291 4431 87)

383 4435 539 4502 prehendere
552 4435 585 4485 Μ
640 4446 702 4502 poet
711 4456 735 4489 c.
747 4436 798 4490 329
811 4439 868 4490 dist.
882 4437 1073 4504 Sebursflcisclr
1138 4434 1190 4487 330
1201 4437 1295 4503 diguus
1308 4436 1330 4486 Ic

384 4504 437 4556 dite
454 4503 497 4554 Μ’
516 4504 596 4568 (corr.
614 4524 647 4558 m.
659 4508 684 4572 1)

470 4691 521 4744 314
539 4695 573 4760 cf.
592 4694 663 4746 Mar.
673 4699 729 4746 107.
803 4691 856 4746 330
873 4696 908 4760 cs.
930 4695 1077 4760 Goo9.283.
1154 4691 1206 4744 335
1225 4692 1330 4744 Pe.-Mo

384 4763 412 4814 in
430 4764 587 4815 carminibus
605 4765 737 4816 Davidicis
764 4764 913 4830 elegantior.
1015 4763 1066 4816 344
1088 4762 1318 4814 Pe.-d1aub.6ne

384 4832 540 4884 mauricus
558 4850 607 4884 sus
624 4852 639 4885 s
656 4835 777 4886 laudibus
802 4835 842 4884 dei
866 4835 1009 4896 tolleretur,
1034 4836 1056 4885 si
1079 4835 1137 4900 quis
1160 4849 1214 4883 aem
1239 4833 1330 4884 saluta*

384 4902 538 4955 mutatione
555 4900 612 4955 ‘deo
628 4899 736 4971 gratias'
751 4904 930 4970 respondebat.
1018 4901 1069 4956 345
1086 4911 1114 4953 ut
1131 4919 1163 4954 ne
1180 4903 1216 4953 ric
1234 4902 1330 4968 quidem
