2910 5024
158 364 176 418 8
521 357 781 414 fleouswnusu
799 357 929 417 OPERA.

307 534 380 600 Non
404 530 494 597 dedit
517 538 647 597 eoontre
668 531 803 596 verbum
825 532 875 596 uir
895 533 1013 598 nobilis
1036 535 1149 616 ullum,

171 649 198 690 ss
268 622 336 687 Sed
358 639 506 685 maerens
529 619 610 683 abiit
631 620 728 682 silvas
751 619 915 704 tristisque
938 622 1064 706 petivit,

264 709 302 773 ln
325 709 395 793 quis
418 725 517 790 ssepe
541 726 677 791 gregem
701 707 867 769 consuevit
912 727 1023 772 escere
1046 706 1184 795 pridem,

263 797 323 877 Ao,
345 796 379 860 in
400 794 609 878 longinquam
631 812 773 878 pergens
787 812 855 942 per
878 728 973 859 levia
994 800 1126 875 terrem,

263 883 279 947 I
304 903 374 946 sum
397 900 469 946 eum
492 879 630 965 propriis
653 900 762 944 secum
809 880 935 945 uoendo
958 882 1132 967 magistris,

298 970 327 1033 ‘o
347 970 381 1032 in
403 967 537 1031 seeretis
560 967 667 1030 latitet
688 965 851 1052 pascendo
874 966 1008 1033 latebris

262 1056 332 1120 Neo
354 1059 429 1141 post
450 1052 493 1117 ad
514 1054 652 1138 patriam
674 1054 797 1138 placuit
818 1074 965 1119 remeare
988 1055 1145 1135 relietum,

263 1141 382 1207 Passus
403 1160 545 1226 namque
568 1161 703 1225 gravem
726 1145 853 1204 secrete
874 1148 984 1206 ments
1006 1141 1166 1228 pudorem

263 1229 315 1294 Ex
336 1228 455 1293 Ruben
476 1227 595 1309 verbis,
619 1227 673 1312 qui
696 1246 731 1290 se
755 1234 915 1309 causatur,
939 1231 1066 1294 amaris.

308 1313 405 1380 Cuius
452 1320 576 1378 eroerte
598 1319 673 1399 post
695 1333 824 1378 menses
846 1314 956 1380 inclita
1001 1317 1121 1402 uinque

264 1401 401 1482 Coniux,
426 1335 603 1486 gosperans
624 1401 715 1464 illum
738 1400 801 1464 iem
825 1401 934 1466 vivere
958 1337 1093 1483 siivum,

263 1490 301 1553 In
325 1488 409 1553 soles
432 1487 521 1551 flevit
542 1507 604 1551 neo
626 1487 773 1551 solamen
796 1486 857 1551 sibi
880 1488 981 1570 seivit,

262 1575 332 1640 Hes
356 1596 397 1639 ue
420 1592 536 1659 preces
559 1571 688 1637 domino
711 1572 854 1659 proludit
874 1575 965 1640 triste
988 1571 1144 1640 dolendo:

261 1597 426 1727 ‘lsrabelis
448 1665 564 1739 reotor,
588 1660 674 1725 solus
698 1679 826 1761 quoqne
850 1662 956 1745 gentis
978 1666 1115 1743 amator,

263 1747 327 1821 Qui
349 1767 478 1849 semper
500 1746 629 1811 refoves
650 1747 721 1811 mie
743 1747 866 1832 pietete
890 1747 1048 1829 dolentes,

263 1834 328 1900 Cur
350 1834 496 1899 mihimet
518 1834 639 1898 sosium
662 1834 792 1898 voluisti
814 1834 929 1899 tollere
952 1854 1073 1913 oamm,

262 1921 396 1986 Addens
419 1941 601 1985 maerorem
624 1921 705 1984 tristi
728 1941 921 2007 semperque
945 1920 1078 2001 dolenti,

262 2007 354 2080 Quae
377 2028 507 2094 semper
529 2008 647 2071 sterilis
669 2009 772 2070 mansi
795 2009 863 2071 sine
887 2009 1032 2093 germine
1056 2008 1193 2072 ventris?

265 2095 331 2160 Sed
354 2115 437 2158 nuno
458 2095 590 2159 maioris
612 2095 727 2158 vulnus
750 2095 874 2179 suspiro
899 2094 1028 2176 doloris,

266 2182 339 2246 Hoc
362 2182 437 2267 quia
459 2202 520 2245 neo
542 2182 682 2267 penitus,
705 2180 783 2266 quid
806 2181 977 2261 conferret,
999 2182 1078 2264 scio,
1101 2200 1190 2246 ossus

263 2268 379 2353 Legali
402 2267 541 2350 domino,
566 2267 685 2332 devoto
708 2268 790 2352 legis
813 2269 927 2334 amieo.

264 2356 292 2420 Ο
315 2376 367 2419 me
391 2355 529 2433 felicem,
552 2356 579 2418 si
602 2354 717 2418 saltem
740 2375 874 2420 nosoers
897 2375 1037 2441 possem,

263 2443 378 2507 Utrum
403 2463 488 2506 mors
511 2442 599 2505 illum
623 2440 729 2505 subito
752 2441 900 2507 sorberet
922 2462 1042 2520 amaro,

262 2531 315 2594 An
339 2530 499 2593 frueretur
521 2528 627 2593 adbuc
650 2528 755 2593 calide
777 2530 918 2593 vitaliter
941 2534 1034 2592 aura!

263 2617 360 2681 Certe
384 2617 411 2679 si
434 2617 561 2696 scirem,
584 2636 648 2679 non
671 2617 720 2678 ius
742 2617 898 2680 maeroris
920 2615 1077 2680 haberem

262 2703 412 2784 Tantum,
436 2724 509 2767 oum
532 2702 673 2767 tenebris
696 2703 775 2767 loeti
798 2701 1027 2767 subcumberet
1050 2705 1140 2778 atris;

264 2790 374 2854 Funus
396 2789 455 2854 sed
478 2810 603 2854 summa
626 2790 767 2853 colerem
791 2789 980 2875 prsenobile
1004 2810 1137 2877 pompa,

262 2878 378 2941 lnelite
401 2876 561 2962 condigno
585 2877 789 2940 committens
810 2876 957 2940 membra
979 2877 1174 2963 sepulchro?

306 2962 367 3028 His
390 2965 435 3027 ita
457 2964 563 3043 linitis,
586 2962 721 3027 sublatis
745 2964 847 3028 cernit
869 2963 980 3028 ocellis

261 3051 299 3115 In
321 3051 418 3115 ramis
441 3051 523 3115 lauri
545 3056 736 3114 resonantes
758 3071 921 3115 murmure
945 3049 1030 3114 dulei

261 3137 373 3202 Pullos
395 3138 582 3222 plumigeris
604 3138 751 3201 volucres
773 3137 973 3202 circumdare
996 3139 1121 3222 pennis.

263 3222 336 3288 Hoo
358 3224 413 3287 ubi
437 3224 601 3305 comebat,
626 3224 770 3288 subtristi
792 3245 872 3289 voce
896 3223 1049 3289 canebat:

262 3310 348 3374 ‘Rex
373 3312 454 3375 caeli
477 3311 578 3390 fortis,
602 3311 652 3374 eui
675 3311 822 3375 subiacet
843 3312 980 3396 astriger
1002 3312 1084 3391 axis,

262 3394 378 3461 Omnia
401 3399 455 3483 qui
477 3404 565 3462 eerte
589 3399 674 3483 potis
697 3419 732 3462 es
755 3397 926 3483 disponere
949 3404 1050 3479 reete,

261 3482 337 3547 Sem
363 3505 399 3548 er
421 3491 605 3548 cunctarum
630 3483 688 3548 tibi
712 3486 782 3548 laus
805 3491 897 3550 extet
919 3486 1088 3571 pietatum,

263 3505 360 3642 Quog
383 3571 526 3635 clemens
550 3577 681 3635 ounotos
704 3573 833 3657 pietatis
856 3592 990 3636 munere
1012 3573 1115 3652 rivos,

241 3776 288 3829 lll
308 3773 319 3827 1
337 3774 372 3843 qd
391 3778 419 3841 (i.
439 3795 460 3833 e.
479 3779 560 3843 quod)
577 3795 609 3828 ss.
631 3777 674 3827 Μ’
771 3778 864 3844 llsssq.
884 3779 992 3829 detinet
1090 3777 1140 3831 120
1157 3776 1277 3832 solere)

156 3844 204 3897 l2l
222 3848 315 3898 Omnia
332 3848 376 3913 qui
394 3856 462 3898 certe
481 3849 508 3898 iu
525 3864 579 3898 ros.
599 3847 632 3896 M
646 3865 726 3898 mona
746 3854 771 3907 1,·
789 3851 824 3914 cf.
844 3848 915 3899 Mor.
928 3852 982 3900 865

240 4016 274 4068 95
302 4021 336 4084 cs.
360 4017 433 4085 Verp.
459 4018 582 4070 Aequ
599 4022 650 4069 813
676 4019 805 4084 silvasque
832 4021 930 4086 petivit.
1030 4018 1063 4071 98
1093 4023 1127 4086 cs.
1147 4021 1276 4074 Momm

156 4092 213 4138 242.
241 4092 295 4140 709.
385 4086 432 4139 107
456 4091 490 4151 cs.
514 4087 584 4138 Mor.
602 4092 659 4138 314.
749 4088 798 4139 lls'r
823 4087 857 4150 cs.
878 4090 948 4140 Gall.
973 4089 986 4136 Ι
1002 4095 1018 4139 4
1042 4089 1098 4149 §Z
1117 4091 1172 4141 Cat
1192 4096 1209 4141 6
1235 4090 1276 4154 ξ

157 4156 202 4207 1⁴21
222 4159 256 4222 cs.
276 4156 528 4223 Ραφ.11αι..1’558
546 4159 679 4224 patrioque
698 4159 814 4208 onerabit
832 4160 945 4209 membra
964 4158 1108 4225 sepulchro.
1180 4157 1276 4226 1220„

153 4226 185 4277 ‹le
208 4225 255 4276 laec
279 4226 334 4276 loco
357 4227 393 4277 ad
412 4226 627 4277 Pallenensem
645 4243 763 4291 expresso
781 4229 910 4293 eleganter
928 4228 1059 4278 ariolator
1077 4229 1177 4280 Loeber
1189 4241 1219 4293 p.
1229 4234 1276 4281 481

156 4292 204 4345 122
227 4293 261 4355 cs.
288 4295 429 4345 blumbi.
519 4294 569 4347 124
593 4295 627 4357 cf.
651 4296 734 4348 Prae.
760 4297 868 4360 σα11.3,
886 4303 983 4348 4141.
1072 4297 1122 4350 126
1146 4299 1232 4350 sortis:
1253 4315 1276 4361 ⁶1

157 4380 208 4414 osc.
228 4370 287 4418 101;
305 4366 414 4431 astriger
431 4366 501 4416 axis:
520 4367 554 4431 cf.
573 4365 861 4429 Mor.140(Arstorts
879 4377 927 4417 oct.
947 4382 989 4431 op.
1007 4366 1083 4429 133).
