2910 5024
561 357 588 412 II
605 359 629 413 2.
647 358 794 413 Duloitius.

192 549 321 595 urmrcs.
368 529 643 616 Contempnunt.l

191 614 369 681 Duncmms.
415 615 510 697 Quid,
534 617 561 680 si
583 624 724 681 terream
747 619 955 705 suppliciisll

192 722 321 767 murus.
366 702 464 767 Parvi
486 701 666 788 pendunt!

191 786 369 854 Duucrmus,
413 789 457 853 Et
480 788 557 874 quid
579 789 682 874 fieta!

192 894 321 939 murus.
365 874 572 961 Praecogita.
976 901 978 905 ’
1272 907 1285 946 s

190 959 368 1025 Dnrcmrus.
413 962 530 1026 Ponite
551 962 624 1025 illas
646 962 679 1025 in
705 959 883 1028 custodiam
905 964 939 1027 in
962 965 1148 1029 interiorem
1171 965 1241 1029 offi-

104 1046 197 1110 cinae
221 1045 354 1129 aedem,
386 1049 419 1112 in
442 1050 531 1112 cuius
553 1048 701 1133 proaulio
725 1050 940 1114 ministronrm
963 1057 1132 1116 servantur
1153 1071 1241 1116 vasa.

190 1153 320 1197 urumns.
365 1134 410 1198 Ut
433 1134 510 1221 quid
534 1154 574 1199 eo
600 1134 711 1204 loci‘ll

190 1218 369 1284 Duccmrus.
415 1220 487 1295 Quo
510 1241 531 1285 a
553 1240 605 1285 me
629 1221 833 1306 saepiuscule
855 1223 979 1307 possint
1001 1223 1160 1308 visitari!

190 1325 321 1373 strumas.
366 1306 411 1370 Ut
433 1308 537 1373 iubes.
1261 1337 1287 1375 ιο

574 1413 780 1423 ——..

190 1560 366 1626 Duncrmus.
391 1561 476 1636 Quid
492 1570 591 1649 agant
607 1564 756 1649 captivae
771 1564 774 1647 1
788 1563 848 1628 sub
864 1565 926 1629 hoc
940 1566 1044 1630 noctis
1056 1567 1240 1653 temporali

10 1687 16 1702 ·
75 1702 83 1715 .
189 1667 319 1712 urtinse.
364 1648 492 1713 Vacant
514 1651 676 1736 hymnis!

172 1732 368 1811 ‚nummus
413 1736 619 1801 Accedamus
641 1736 782 1823 propius.
804 1736 809 1818 Ι

190 1839 320 1884 nunus.
365 1819 523 1887 Tinnulae
547 1824 687 1888 sonitum
709 1823 797 1887 vocis
817 1824 822 1903 Ι
842 1843 862 1886 a
883 1824 981 1907 longe
1004 1821 1182 1889 audiemus.
1204 1825 1209 1904 Ι

190 1903 369 1972 Duucrmus.
425 1908 607 1974 Observate
641 1930 699 1996 pro
731 1909 853 1973 foribus
887 1930 959 1974 oum
989 1910 1142 1992 lucamis,
1178 1931 1284 1996 egon

104 1999 217 2055 autem
238 1991 366 2058 intrabo
385 1994 390 2076 Ι
410 2001 444 2059 et
465 1997 518 2059 vel
542 1998 661 2081 optatis
683 1996 888 2081 amplexibus
911 2016 964 2061 me
987 1996 1149 2061 saturabo.
1170 1998 1176 2080 Ι

46 2108 73 2141 κ
191 2098 320 2144 urnmus.
366 2079 464 2163 intra,
488 2082 768 2168 praestolabimur.

10 2370 33 2431 Γ
56 2389 69 2447 l
189 2387 328 2452 Aureus.
373 2388 459 2462 Quid
482 2395 606 2476 strepat
628 2410 688 2476 pro
711 2391 854 2455 loribus?

191 2473 327 2538 Hlarus.
372 2475 493 2540 Infelix
516 2474 675 2541 Duloitius
698 2477 886 2563 ingreditur.
905 2478 910 2557 Ι

190 2558 333 2626 Curcum.
378 2561 470 2626 Deus
492 2582 552 2627 nos
575 2567 747 2647 tueaturlt
1257 2591 1283 2632 ao

125 2715 129 2721 .
189 2645 328 2712 Acarna.
373 2648 489 2712 Amen.

51 2726 73 2787 2
189 2730 332 2798 Quicum.
378 2733 463 2807 Quid
494 2734 555 2798 sibi
582 2733 651 2798 vult
679 2735 802 2799 collisio
826 2735 971 2810 ollarum,
997 2736 1002 2816 Ι
1029 2737 1240 2824 caccaborum

100 2825 137 2883 et
160 2820 407 2904 sartaginumll

187 2903 322 2970 Hmnus.
366 2906 537 2970 Lustrabo.
583 2905 751 2989 Accedite,
775 2926 906 2992 quaeso,
930 2926 990 2991 per
1011 2907 1141 2971 rimulas
1163 2928 1237 2994 per-

94 2991 225 3076 spicite!
1256 3020 1283 3060 so

182 3076 320 3141 Acarna
366 3076 450 3149 Quid
475 3084 546 3141 est?

182 3161 317 3227 Hmnus.
362 3162 460 3246 Ecce,
482 3165 544 3227 iste
567 3165 693 3247 stultus,
713 3165 719 3249 Ι
737 3171 847 3231 mente
874 3164 1042 3239 alienatus,
1063 3163 1069 3245 Ι
1089 3165 1240 3229 aestimat

92 3269 130 3313 se
154 3249 274 3313 nostris
297 3250 345 3313 uti
366 3250 609 3336 amplexibus!

187 3337 324 3399 Assone.
370 3335 455 3410 Quid
478 3336 576 3401 faciti

52 3412 73 3473 3
187 3420 323 3485 Hrnnna
368 3422 462 3487 Nunc
485 3424 567 3488 ollas
583 3423 674 3488 molli
696 3424 786 3488 fovet
800 3422 935 3507 gremio,
958 3443 1042 3487 nunc
1057 3425 1237 3509 sartagines
1256 3457 1283 3497 ω

101 3515 137 3571 et
158 3507 315 3571 caccabos
338 3529 391 3572 am
414 3510 555 3588 leotitur,
579 3511 670 3575 mitia
691 3510 795 3574 libans
818 3509 937 3574 oscula.

10 3602 84 3652 asa.
191 3593 332 3658 Omonm.
408 3595 570 3660 idiculum.

188 3819 220 3870 ll
240 3830 324 3887 agunt
341 3820 397 3882 M¹‚·
425 3823 459 3889 cs.
478 3821 645 3884 Dalc.4§1
749 3819 780 3872 17
799 3824 869 3872 Intro
887 3821 930 3871 Μι
1035 3821 1237 3890 metropoli*

98 3886 134 3941 23
151 3891 316 3956 sansginum
337 3891 396 3954 (·iu-
414 3891 442 3941 in
459 3908 512 3941 rua.
530 3890 600 3945 ml)
620 3890 658 3955 M,
676 3888 844 3956 saruginumt
864 3892 919 3942 uini
931 3892 966 3956 ΡΙ

184 4059 202 4111 6
220 4062 256 4127 cs.
276 4069 336 4112 assa
353 4059 400 4125 (A.
411 4060 440 4112 S.
453 4060 520 4125 Apr.
534 4061 555 4111 Ι
563 4062 687 4128 2481qq.)
704 4078 725 4113 c.
738 4065 789 4127 2,4
807 4069 833 4113 et
851 4063 911 4113 lecit
928 4078 973 4114 aas
990 4063 1060 4128 apud
1072 4063 1148 4114 tdsm
1166 4066 1236 4116 ossi-

92 4131 211 4183 cialem
235 4131 303 4182 tradi
321 4131 514 4193 custodiendas,
543 4131 588 4196 qui
612 4132 649 4182 eis
667 4133 824 4198 promitteret
841 4131 999 4196 libertatem,
1018 4133 1040 4183 si
1059 4150 1119 4195 ...ς
1139 4134 1166 4184 in
1184 4151 1237 4201 quo

91 4209 186 4252 autem
204 4200 262 4251 loco
281 4199 342 4250 illue
359 4207 434 4251 erant
451 4201 568 4262 chusae,
594 4201 679 4251 omnia
696 4201 818 4252 utensilia
836 4201 940 4252 culinae
957 4201 1011 4253 illic
1028 4203 1139 4268 reposita
1156 4204 1236 4256 habs-

89 4271 203 4322 bantur:
228 4268 290 4319 r‘ads
308 4267 360 4319 Ην.
377 4269 446 4319 mira
458 4269 655 4334 pertractatione
673 4269 811 4336 officinam
829 4270 929 4336 effeci&
952 4279 1061 4323 ceterum
1078 4273 1113 4339 cs.
1131 4272 1237 4338 Kosplre

81 4344 172 4407 1261,
261 4335 297 4388 28
315 4340 349 4403 cs.
369 4338 433 4393 Bas.
453 4342 495 4390 90.

143 4426 342 4477 Enormrnar
359 4436 451 4476 orsus.
1063 4423 1080 4479 9
