2910 5024
554 333 567 387 1
586 333 609 388 1.
629 331 732 388 Maria.

183 506 302 582 ‘Quare
328 506 486 570 lactantes
508 509 633 569 tantum
655 505 833 571 tractabitis
856 511 944 570 artus

181 593 217 659 In
239 612 303 674 me,
326 593 479 657 virtutem
503 593 616 678 capitis
638 613 699 658 nec
721 599 830 658 mente
852 599 1050 679 perennem?

181 679 334 754 Quamvis
355 678 503 744 humanis
526 680 585 743 sim
609 700 726 765 parvus
748 680 920 744 homuncio
943 680 1105 764 membris,

180 766 236 832 Vir
257 773 369 830 tamen
394 766 597 852 omnipotens
620 788 744 831 summo
767 788 838 831 sum
860 767 990 832 numine
1014 768 1149 854 pollens,

181 852 348 919 Oondecet
371 858 480 938 atque,
503 853 588 917 feras
611 854 712 918 silvae
734 873 960 919 mansuescere
984 861 1115 920 cunctas

179 940 232 1007 lle
256 960 378 1020 coram,
401 938 492 1004 rabie
516 939 647 1004 dimissa
669 941 729 1004 rite
752 940 882 1026 priore’

221 1027 301 1091 Post
322 1028 405 1091 haec
427 1027 650 1112 magnanimes
673 1048 744 1091 cum
767 1027 877 1113 pardis
898 1047 1038 1113 namque
1061 1029 1172 1095 leones

180 1113 314 1179 Necnon
337 1114 549 1199 cunctigenae
572 1119 731 1178 venerunt
752 1114 894 1200 undique
917 1114 1033 1197 lectae,
1203 1133 1252 1199 sot
1264 1137 1311 1185 19¹

180 1200 224 1266 Ut
245 1220 389 1281 sensere,
412 1201 502 1264 ferae
525 1200 650 1286 prolem
674 1202 805 1265 factoris
828 1199 954 1283 adesse,

180 1287 318 1352 Orontes
340 1307 477 1373 puerum
499 1287 658 1352 submissa
680 1307 761 1352 soce
784 1288 949 1367 tenellum,

180 1372 273 1439 Oirca
295 1374 497 1461 praeclaram
520 1373 702 1460 gaudentes
724 1380 822 1459 atque
845 1373 991 1439 Mariam.

181 1459 286 1535 Quam
310 1480 408 1546 super
429 1461 556 1525 insolito
580 1461 779 1546 pavitantem
804 1459 943 1546 denique
967 1461 1058 1546 signo

178 1548 311 1613 Lectius
333 1547 477 1629 intuitus,
500 1548 602 1611 fertur
624 1549 669 1613 sic
692 1547 800 1612 dicere
825 1546 986 1611 Christus:

179 1633 263 1699 ‘Non
286 1639 330 1713 te,
352 1635 454 1719 virgo,
477 1653 569 1719 rogo,
592 1635 728 1721 pollens,
751 1635 893 1721 genitrix
916 1654 990 1698 mea
1013 1653 1097 1716 cars,

180 1720 378 1785 Permoveat
399 1720 483 1807 signi
505 1722 631 1785 novitas
654 1722 826 1786 carnaliter
847 1721 934 1801 almi,

181 1806 336 1892 Obsequii
359 1808 429 1872 sola
450 1808 584 1872 veniunt
606 1809 688 1872 istae
712 1810 788 1894 quia
810 1827 918 1888 causa,

178 1892 252 1959 Non
274 1891 362 1979 quod
383 1899 416 1958 te
441 1894 561 1959 vellent
583 1896 635 1959 vel
659 1896 765 1960 saltim
788 1893 920 1959 laedere
944 1890 1099 1994 possent.²

177 1980 239 2045 His
262 2001 325 2066 quo
372 2000 390 2044 e
415 1980 562 2045 discessit
585 1982 678 2046 dictis
701 1982 850 2064 angustia
872 1980 988 2057 ccrdrs,

178 2067 224 2132 At
245 2087 323 2132 sero
371 2068 463 2132 elvae
486 2066 728 2154 praecedebant
750 2069 834 2133 bene
858 2069 976 2144 laetae,

179 2153 441 2218 Demonstrando
465 2155 550 2218 viam
574 2176 634 2240 per
656 2154 776 2220 deserti
799 2156 871 2221 loca
892 2161 1031 2227 rectam3

180 2239 248 2305 Sed
271 2261 332 2305 nec
355 2243 518 2305 nocturnis
541 2241 734 2306 discesserat
756 2243 822 2306 ulla
844 2243 904 2308 sub
926 2241 1024 2322 horis,

180 2325 248 2392 Sed
270 2327 345 2392 Iose
370 2328 391 2391 h
414 2328 525 2414 pecori
548 2330 690 2393 sociatae
713 2336 823 2394 mente
845 2328 934 2394 fideli

179 2413 291 2478 Oblita
313 2349 403 2479 rabie
426 2417 629 2500 naturalique
651 2416 760 2480 furore

177 2499 340 2566 Pacificae
363 2501 481 2566 modici
504 2503 679 2587 gustabant
700 2523 821 2590 pascua
845 2501 940 2566 foeni.

176 2586 268 2652 Inter
290 2609 370 2674 quas
395 2609 472 2673 ergo
496 2590 602 2655 fuerat
625 2589 796 2655 concordia
819 2594 919 2666 tanta,

178 2674 224 2738 Ut
246 2674 409 2761 quondam
435 2676 538 2741 timidi
560 2677 696 2741 iunxere
719 2678 803 2764 lupis
825 2677 910 2740 latus
932 2682 1018 2765 agni,

176 2761 221 2826 Et
242 2761 380 2827 boribus
404 2763 500 2827 mites
522 2764 608 2829 bene
633 2783 842 2828 conmansere
865 2763 986 2830 leones.

179 2847 248 2913 Sed
269 2869 333 2912 non
355 2850 520 2914 inmerito:
545 2850 708 2915 caelorum
730 2872 797 2937 pax
820 2852 895 2935 quia
917 2873 1005 2935 rere,

178 2935 252 3008 Quo
274 2937 359 3021 regit
380 2938 571 3016 inmensum,
595 2936 734 3001 firmavit
755 2936 900 3020 foedere,
924 2941 1061 3021 caelum,

177 3022 309 3086 Illarum
334 3031 460 3087 mentes
483 3030 607 3088 mutato
630 3044 720 3088 more
744 3022 867 3088 fideles.

222 3108 303 3174 Post
324 3109 406 3174 haec
428 3112 587 3196 pausavit,
610 3110 709 3175 radiis
731 3111 851 3176 lassata
874 3111 989 3176 caloris

176 3196 313 3278 Aestiri,
337 3217 412 3261 cara
434 3198 563 3283 palmae
586 3197 689 3261 Maria
712 3196 771 3262 sub
794 3197 918 3280 umbra,
1205 3215 1254 3281 [οι.
1268 3219 1318 3267 rav

177 3281 222 3346 Et
243 3303 368 3347 rursum
391 3285 491 3348 verus
514 3285 608 3349 claris
630 3285 760 3370 aspexit
783 3284 904 3362 ocellis,

178 3369 351 3435 Fructibus
373 3370 457 3435 hanc
479 3373 619 3458 palmam
642 3373 776 3436 maturis
799 3391 870 3436 esse
893 3371 1059 3436 refertam.

178 3455 241 3520 His
263 3456 339 3520 visis
362 3457 472 3543 lingua
493 3458 645 3522 formavit
667 3460 745 3523 talia
766 3458 881 3523 verba:

179 3542 288 3607 ‘Istius
310 3544 439 3629 palmae
462 3545 594 3609 nimium
619 3545 764 3610 delector
787 3552 933 3625 onustae,

180 3628 215 3694 Si
237 3630 322 3715 potis
345 3637 395 3695 est
417 3631 497 3713 fieri,
521 3632 562 3697 de
585 3632 689 3696 fructu
713 3632 852 3717 denique
875 3629 985 3696 vesci.²

154 3786 205 3839 731
220 3765 275 3851 sire
293 3787 327 3838 Μ
340 3785 407 3851 (lore
424 3789 453 3839 in
470 3790 525 3851 lere
544 3806 611 3839 corr.
630 3806 663 3838 m.
676 3787 713 3852 2),
730 3769 785 3839 lbra
799 3805 834 3853 p,·
852 3790 887 3855 cf.
904 3784 1208 3847 e.727(Ps..Mcclc.18

124 3874 240 3910 somnes
253 3858 393 3911 silvarum:
407 3863 436 3908 19
447 3859 520 3908 suria
531 3874 627 3923 genera
641 3858 765 3922 ferarum)
822 3854 1049 3909 l3bintuiturds¹
1106 3851 1158 3905 738
1169 3854 1207 3904 ui-

124 3960 146 4005 n
163 3951 198 4002 rr
283 3950 334 4003 rso
355 3924 431 4004 edim
456 3950 507 4012 ru,
531 3952 622 4004 aarum
642 3952 702 4017 up
796 3950 845 4003 rer
870 3952 960 4004 snm
978 3949 1070 4016 ampo
1086 3946 1132 4016 (es.
1150 3948 1206 4000 aa

124 4021 167 4085 ·.)‚·
185 4021 278 4073 beluac
294 4040 333 4087 eq.
415 4017 466 4072 744
484 4021 588 4088 Siosspb
607 4021 649 4071 Μ1
738 4018 789 4073 746
807 4022 905 4074 modice
923 4019 957 4070 M
1023 4016 1073 4070 747
1092 4035 1157 4086 quos
1176 4019 1208 4069 M

129 4107 183 4157 sqq.
206 4090 312 4142 distinxi
335 4099 358 4141 et
381 4089 508 4155 apliccci
530 4087 613 4142 scbed.
632 4091 688 4142 crit.
704 4096 778 4156 p.18
795 4108 826 4142 ca
844 4089 945 4143 Boethii
963 4088 1058 4142 coruol.
1077 4086 1208 4139 Pbiloal

124 4165 171 4217 ,⁴7
185 4169 211 4211 et
228 4177 280 4226 qno
298 4160 400 4212 caelum
418 4160 486 4226 regis
505 4161 665 4222 immensum,
683 4162 757 4212 firma
775 4161 881 4213 stabiles
899 4159 1000 4211 loedere
1017 4166 1099 4210 tcrras

157 4272 208 4327 iffi)
229 4278 264 4343 cs.
287 4275 359 4326 Mor.
372 4278 431 4327 618.
533 4274 584 4326 736
607 4278 641 4342 cs.
668 4276 741 4326 Mor.
757 4279 811 4326 513.
912 4272 961 4325 747
987 4274 1022 4339 cs.
1046 4271 1207 4334 latomo

124 4345 188 4396 lade
200 4345 339 4411 p.38¹¹⁸).
