2910 5024
506 362 533 417 11
551 364 576 420 e.
594 362 742 432 meiana.
1139 366 1190 420 ras

10 532 34 623 t]
50 536 143 599 euius
172 540 281 619 partes
309 535 497 599 coniunctae
524 535 680 600 minorem
708 536 763 600 illo
785 557 935 616 numero,
965 539 1054 602 cuius
1080 543 1189 622 partes

56 626 146 703 sunt,
182 640 327 684 summae
370 623 582 705 quantitatem
618 621 770 686 reddunt:
803 631 839 687 ut
866 623 963 698 VIII;
998 631 1048 688 est
1081 629 1190 688 autem

57 708 216 771 octonarii
238 707 397 771 medietas
418 707 498 789 IIII,
520 729 595 792 pars
641 714 733 772 uarta
755 709 799 787 Il,
823 730 897 795 pars
921 716 1035 775 octava
1049 709 1081 774 I:
1106 730 1190 796 quae

13 798 34 857 t
56 795 91 858 in
113 814 213 857 unum
236 793 389 858 redactae
411 801 537 879 septem
559 730 708 860 reddunt.
747 795 899 860 Similiter
922 796 1070 861 denarius
1091 796 1192 861 hebet

58 878 225 944 dimidiam
255 886 381 966 partem
401 880 442 961 V,
474 881 619 965 quintam
649 888 758 946 autem
789 881 837 963 Π,
871 882 1028 946 decimam
1058 903 1136 947 vero
1158 882 1189 947 I:
1223 906 1234 945 s

17 969 35 1029 5
79 986 141 1030 uae
158 966 253 1030 simul
269 966 438 1051 copulatae
450 966 534 1030 VIII
549 968 711 1052 colligunt.
735 966 763 1030 Ε
779 970 939 1033 contrario
956 975 1064 1033 autem
1079 989 1191 1055 super-

56 988 138 1117 dnus
156 1052 279 1134 dicitur,
303 1054 392 1117 cuius
406 1059 516 1137 partes
532 1054 682 1138 augendo
699 1060 860 1118 crescunt:
884 1061 920 1118 ut
935 1055 1015 1127 XIl;
1040 1061 1090 1119 est
1107 1057 1192 1120 eninr

59 1138 249 1203 duodenarii
276 1138 435 1203 medietas
455 1139 518 1218 VI,
548 1161 624 1224 pars
651 1142 746 1204 tertia
775 1140 858 1219 1111,
887 1162 961 1226 pars
990 1148 1105 1227 quarta
1130 1141 1192 1222 111,

10 1225 35 1288 ,6
55 1246 130 1312 pars
154 1234 249 1289 sexta
271 1225 319 1303 Il,
348 1246 423 1311 pars
446 1225 637 1290 duodecima
659 1226 690 1290 I:
725 1226 777 1291 hio
807 1228 951 1291 cumulus
978 1225 1138 1293 redundat
1160 1228 1193 1291 in
1223 1248 1235 1287 a

57 1310 212 1377 sedecim.
257 1311 303 1375 Ut
325 1319 433 1375 autem
456 1314 666 1398 principalem
692 1334 756 1376 non
779 1320 1001 1397 praeteream,
1029 1315 1084 1399 qui
1110 1315 1194 1379 inter
1211 1322 1260 1390 fot.
1273 1324 1338 1372 122¹

57 1398 247 1483 inaequales
269 1399 533 1482 intemperantias
557 1399 655 1463 medii
677 1405 969 1483 temperamentum
991 1401 1101 1464 limitis
1123 1421 1192 1464 sor-

58 1486 135 1549 titus
165 1491 231 1567 eet,
259 1484 314 1548 ille
341 1505 493 1548 numerus
521 1486 683 1570 perfectus
711 1485 841 1566 dieitur,
873 1488 942 1571 qui,
975 1488 1041 1551 suis
1070 1506 1193 1571 aequus

57 1570 220 1658 partibus,
254 1592 315 1635 nec
343 1578 443 1656 auget
471 1592 532 1636 nec
562 1573 690 1635 minuit:
725 1577 761 1635 ut
782 1571 846 1651 vl,
882 1574 970 1638 ouius
1002 1578 1126 1658 partes,
1158 1571 1193 1636 id

58 1664 108 1721 est
137 1656 190 1721 III
221 1656 257 1720 ΙΙ
284 1656 316 1725 Ι,
346 1657 485 1721 eundem
509 1659 670 1722 senarium
697 1659 878 1722 restituunt.
936 1658 1037 1723 Simili
1064 1679 1192 1744 quoque

56 1745 209 1894 ΞιίοιιῒειεΠ
213 1742 376 1825 XXVIII,
409 1741 647 1826 ccccxcvi,
676 1744 1026 1810 VIlImiliaOXXVIII
1056 1746 1193 1831 perfecti
1212 1774 1236 1812 ιι

90 1851 155 1894 cnn
211 1879 217 1892 .

147 2054 179 2105 ll
198 2055 331 2120 inequales
348 2057 384 2106 εἰσ
402 2055 435 2105 Μ

128 2262 273 2313 minoribns
289 2263 474 2314 consideratur.
504 2262 546 2312 Illi
563 2263 631 2314 enim
649 2261 814 2313 immoderata
831 2261 1018 2328 quodammodo
1035 2261 1195 2327 plenitudine

65 2344 79 2381 a
129 2332 226 2398 proprii
243 2333 356 2398 corporis
373 2333 476 2383 modnm
494 2332 605 2397 partium
622 2347 729 2382 suarum
748 2332 931 2382 numerositate
949 2331 1118 2398 praecedunt3
1136 2330 1194 2381 illos

128 2411 217 2451 antem
234 2401 306 2452 velut
317 2409 469 2468 paupertate
480 2402 569 2467 inopes
582 2416 767 2468 oppressosque
779 2400 889 2467 quadam
906 2408 1013 2451 naturae
1030 2416 1093 2451 suae
1109 2400 1196 2467 inopia

128 2470 227 2530 minor,
249 2487 327 2535 quam
344 2471 394 2536 ipsi
411 2477 484 2532 sunt,
506 2471 618 2536 partium
636 2486 737 2520 summa
754 2470 890 2536 componit.
925 2470 1011 2534 Atque
1027 2469 1066 2520 illi
1084 2468 1195 2535 quidem,

130 2555 242 2604 qnorum
266 2548 350 2606 partes
373 2541 535 2604 ultraquam
554 2540 617 2590 satis
638 2546 677 2590 est
699 2555 754 2590 sese
773 2539 945 2605 porrexerint,
969 2538 1134 2604 superflui
1151 2554 1196 2588 no-

129 2609 276 2673 minantur,
300 2616 330 2660 nt
351 2615 413 2660 sunt
429 2609 533 2659 XHvel
551 2609 660 2658 XXIIII
699 2609 734 2658 Hi
752 2610 820 2658 enim
842 2609 897 2658 suis
921 2608 1037 2674 partibus
1054 2608 1196 2673 comparati

132 2678 255 2728 mdomm
273 2680 385 2744 partium
397 2693 523 2729 summam
536 2685 589 2728 toto
607 2693 712 2744 corpore
723 2679 874 2729 sortiuntur.
901 2678 947 2727 Est
963 2678 1033 2728 enim
1044 2677 1196 2728 duodenarii

129 2747 253 2798 medletae
263 2747 307 2809 Vl,
330 2763 389 2813 pars
406 2748 483 2798 tertia
499 2748 558 2807 IIII,
580 2762 639 2813 pars
657 2753 751 2812 quarta
768 2748 814 2805 ΙΙΙ,
837 2762 897 2813 pars
915 2755 988 2797 sexta
1005 2747 1038 2808 ΙΙ,
1056 2762 1117 2812 pars
1134 2746 1196 2796 duo

130 2816 230 2866 decima
247 2818 272 2866 1:
294 2818 427 2881 omnisque
448 2817 491 2866 hic
512 2816 632 2866 cumulus
654 2816 780 2867 redundat
799 2817 827 2866 in
848 2817 910 2866 XVI
933 2821 959 2866 et
980 2815 1060 2865 totins
1082 2816 1195 2881 corporis

130 2884 173 2935 sni
185 2884 375 2936 multitudinem
388 2887 503 2936 vincum.
521 2921 529 2935 .
548 2924 554 2936 .
573 2922 579 2936 .
597 2884 635 2949 (p.
647 2890 691 2947 40,
700 2885 741 2949 11)
757 2885 843 2949 Atque
860 2885 903 2935 bic
913 2884 1025 2949 quidem,
1043 2883 1118 2934 euius
1129 2899 1197 2934 eom·

130 2955 230 3020 positae
252 2963 336 3020 partes
357 2956 436 3005 totius
453 2970 579 3006 summam
603 2954 704 3005 numeri
720 2954 842 3017 vineunt,
866 2954 1012 3019 superfluus
1035 2952 1197 3018 appellatnr;

130 3023 319 3075 deminutus
337 3040 398 3075 vero
416 3024 468 3085 ille,
487 3024 561 3075 cuius
578 3024 666 3074 eodem
684 3024 759 3075 modo
776 3025 932 3089 compositae
949 3029 1034 3088 partes
1051 3022 1130 3072 totius
1148 3028 1197 3072 ter·

130 3093 196 3142 mini
214 3093 379 3145 mnltitudine
396 3101 559 3160 superantur,
578 3101 608 3143 ut
620 3093 682 3142 VIII
700 3093 742 3143 vel
754 3093 838 3143 XIIII
867 3093 954 3143 Habet
970 3091 1039 3141 enim
1050 3091 1197 3141 octonarius

129 3168 231 3228 partem
248 3163 356 3214 mediam
375 3163 402 3213 id
418 3168 457 3214 est
475 3163 533 3223 IIII,
557 3162 635 3213 habet
652 3169 678 3213 et
694 3171 814 3227 quartam
832 3162 858 3212 id
875 3167 914 3212 est
930 3162 964 3220 11,
988 3168 1014 3210 et
1031 3167 1148 3211 octavam
1171 3159 1197 3209 id

130 3238 172 3282 est
188 3232 214 3281 1:
238 3247 304 3297 qnae
324 3239 432 3283 cunctae
454 3232 482 3282 in
504 3248 585 3282 unum
605 3231 723 3282 redactae
736 3232 785 3281 VII
802 3230 941 3296 eolligunt,
959 3230 1083 3280 minorem
1101 3228 1198 3279 scillcet

129 3315 260 3351 summam
282 3308 335 3351 toto
357 3316 462 3367 corpore
483 3300 673 3352 concludentes.
698 3336 704 3350 .
730 3337 737 3351 .
760 3336 766 3349 .
790 3298 827 3365 (p.
845 3306 885 3362 41,
895 3299 923 3363 6)
946 3299 1016 3349 Inter
1041 3298 1088 3348 hos
1110 3303 1198 3349 antem

129 3368 205 3420 velut
222 3370 289 3420 inter
304 3371 454 3436 inaequales
471 3370 681 3435 intemperantias
698 3369 775 3419 medii
792 3374 1022 3435 temperamentum
1039 3366 1128 3418 limitis
1145 3384 1198 3418 sor·

129 3439 196 3489 titus
207 3445 247 3489 eet
258 3438 302 3489 iile
313 3455 444 3502 numerus,
462 3440 508 3504 qui
525 3440 689 3506 perfectus
707 3439 808 3501 dicitnr,
821 3438 924 3489 virtutis
936 3437 1034 3488 scilieet
1045 3437 1198 3495 aemulator,

132 3507 180 3572 qni
198 3523 247 3559 neo
258 3523 420 3574 supervacua
429 3509 607 3575 progressione
620 3508 759 3575 porrigitur
775 3523 823 3558 nee
834 3513 965 3558 conuecta
982 3522 1073 3557 rursus
1084 3506 1198 3557 deminu-

129 3577 202 3628 tione
220 3578 365 3639 remittitur,
383 3578 428 3629 sed
440 3577 584 3629 medietatis
602 3577 721 3628 obtinens
738 3578 877 3628 terminum
894 3576 949 3626 suis
966 3591 1065 3641 aequm
1082 3575 1198 3642 partibus

129 3661 180 3697 nee
197 3654 328 3698 crassum
344 3646 503 3698 abnndantia
520 3663 568 3698 nee
590 3654 649 3712 eget
668 3647 770 3713 inopia,
794 3653 826 3697 ut
842 3646 878 3696 VI
901 3644 943 3695 rel
966 3645 1086 3695 XXVIH.
1122 3645 1199 3695 Nam·

130 3730 184 3781 qne
205 3716 324 3767 amarius
341 3716 421 3767 habet
438 3724 534 3782 partem
552 3717 661 3767 mediam
679 3715 706 3765 id
723 3723 763 3767 est
779 3717 825 3779 III,
848 3721 873 3765 et
893 3714 995 3765 tertiam
1013 3714 1040 3764 id
1059 3719 1099 3764 est
1115 3713 1149 3775 11,
1173 3720 1199 3764 et

129 3791 233 3836 sextam
257 3785 284 3836 id
304 3792 344 3837 eat
359 3787 384 3836 1:
411 3785 522 3851 quaein
543 3800 622 3835 unam
640 3801 766 3836 summam
788 3785 811 3836 si
833 3784 952 3835 redactae
969 3783 1034 3842 sint,
1053 3798 1100 3847 par
1116 3787 1200 3832 totum

130 3855 233 3906 nnmeri
256 3870 350 3920 eorpus
370 3855 425 3905 snis
444 3854 560 3921 partibus
583 3855 722 3905 invenitur.
742 3893 748 3905 .
768 3890 800 3904 ..
823 3851 861 3917 (p.
880 3858 921 3914 41,
929 3852 973 3910 22)
997 3853 1044 3902 lIst
1060 3857 1148 3901 anmm
1172 3850 1199 3900 in

130 3923 173 3973 bis
189 3939 293 3990 quoqne
311 3939 407 3990 magna
424 3924 564 3975 similitudo
581 3924 684 3974 virtutis
702 3930 727 3974 et
744 3923 809 3974 vitii.
845 3923 975 3973 Persectcs
992 3920 1061 3972 enim
1077 3935 1198 3970 numeros

130 3999 249 4044 nmnter
271 3993 388 4044 inventes
411 4008 506 4058 eosque
526 3992 602 4044 facile
619 3992 804 4054 numerabiles,
829 3991 925 4058 quippe
947 3991 993 4055 qui
1011 3989 1087 4055 pauci
1104 3987 1156 4039 sint
1173 3996 1199 4039 et

133 4062 211 4113 nimis
228 4062 357 4114 constanti
378 4062 467 4113 ordine
484 4062 618 4127 procreati.
644 4063 679 4112 At
689 4078 750 4112 vero
768 4061 912 4127 superfluos
923 4075 955 4110 ao
966 4059 1111 4110 demInntos
1122 4056 1199 4124 longe

131 4131 227 4183 multoe
248 4131 415 4197 infinitosque
435 4131 558 4197 reperies.
578 4147 627 4182 nec
650 4131 712 4181 ullis
733 4130 867 4182 ordinibus
888 4129 984 4195 passim
1006 4127 1199 4194 inordinateque

131 4201 270 4268 dispositos
287 4207 314 4251 et
331 4196 358 4266 [a
369 4217 418 4251 om.
431 4199 483 4250 eso
496 4195 580 4266 codd]
599 4200 671 4251 nulle
689 4207 759 4251 certo
776 4201 828 4250 fine
845 4206 989 4264 generatos.
1030 4198 1096 4248 Sunt
1113 4205 1199 4247 antem

132 4271 238 4337 pmloeti
256 4270 357 4320 numeri
375 4270 443 4320 intra
454 4269 589 4320 denarium
601 4285 737 4320 nnmerum
748 4269 793 4334 VI,
810 4269 879 4318 intra
890 4267 1065 4318 centenarium
1077 4266 1199 4329 XXVIII,

132 4355 201 4408 nn
217 4355 392 4407 mmamnum
409 4354 584 4417 coconem,
604 4356 672 4407 inea
689 4355 777 4407 essem
794 4337 1104 4405 muufficxxvrn.
1123 4390 1130 4405 .
1149 4390 1155 4403 .
1174 4389 1180 4401 .
