2910 5024
154 344 209 400 ⁴204
518 340 782 396 HROTSVITHAE
800 339 932 399 OPERA.

157 545 181 584 rs
264 515 338 595 Qui,
361 522 549 601 praestante
573 514 635 578 deo
659 514 741 599 patri
764 514 954 580 subiunctus
974 516 1010 579 in
1032 516 1121 595 aule,
1246 536 1298 589 noi

267 603 373 687 Ipsius
397 608 430 665 et
452 603 581 666 monitis
604 609 773 687 promptus
794 621 912 686 perere
935 604 1093 688 paternis,

265 688 331 752 Par
354 687 452 751 decus
474 689 601 772 imperii
624 688 744 751 retines
767 687 971 752 concorditer
992 689 1108 774 ampli,

267 774 470 859 conportans
493 774 609 839 dextra
631 780 794 859 sceptrum
815 773 929 859 regale
952 774 1087 841 tenella.

266 859 332 925 Sed
356 862 431 946 quia
454 868 487 923 te
510 861 643 925 memini
665 860 846 925 sublimiter
868 861 1039 926 assimilari

263 947 349 1011 Nato
374 948 489 1010 famosi
511 948 598 1032 regis
620 945 727 1010 David
749 945 925 1027 Salomoni,
1248 968 1285 1015 ou

267 1033 330 1107 Qui
352 1035 500 1118 genitore
524 1054 582 1097 suo
605 1040 779 1119 praesente
800 1032 1000 1119 iubenteque
1023 1042 1139 1099 sancto

268 1120 391 1206 Optata
413 1140 548 1204 regnum
572 1120 714 1205 suscepit
735 1139 817 1205 pace
840 1126 1024 1205 paternum,

265 1204 282 1270 1
307 1207 373 1269 sius
397 1207 549 1291 exemplo
571 1213 605 1270 te
629 1212 816 1269 contentum
838 1205 908 1270 iore
931 1226 1046 1293 spero;

267 1227 330 1365 eibi
353 1313 425 1356 cum
448 1291 617 1376 regnando
639 1290 798 1356 resideret
819 1292 852 1356 in
875 1312 949 1357 erce
971 1292 1130 1378 superbe,

263 1379 447 1442 Prudenter
468 1379 579 1463 legum
603 1378 745 1442 condens
769 1378 903 1442 decreta
924 1398 1091 1444 sacrarum
1250 1400 1288 1445 ru)

268 1467 318 1529 Ac
341 1472 515 1550 penetrans
538 1467 644 1529 animo
667 1486 775 1529 rerum
798 1472 925 1530 secrete
947 1464 1123 1550 profundo,

268 1551 362 1615 Nunc
385 1551 466 1616 libet
489 1559 523 1616 et
544 1552 683 1616 minimis
705 1558 851 1616 mentem
872 1552 985 1615 laxare
1007 1550 1175 1631 rimandis,

269 1635 337 1701 Sed
360 1658 420 1701 nec
444 1639 626 1702 conflictum
648 1636 773 1702 fastidit
794 1637 856 1702 rite
879 1636 1016 1703 duarum

265 1722 399 1787 Solvere
421 1723 531 1788 iudicii
555 1725 654 1790 celeri
678 1723 860 1789 discrimine
883 1724 973 1803 recti,

261 1809 393 1873 Prolem
416 1812 541 1875 restitui
564 1831 661 1874 verae
685 1809 843 1875 mandans
865 1810 1024 1895 genitrici.
1248 1830 1298 1879 (σε

264 1895 350 1959 Hinc
374 1899 513 1983 supplex
536 1904 569 1961 tc
592 1917 691 1982 posco
716 1895 857 1982 quidem,
879 1902 1027 1961 nostrum
1050 1894 1265 1973 Salomonem,

265 1982 320 2063 Ut,
344 1983 420 2047 licet
440 1984 568 2068 imperii
591 1984 732 2047 tenearis
754 1982 947 2047 sollicitandi

266 2067 361 2149 Cura,
386 2069 528 2154 digneris
550 2078 661 2133 tamen
685 2077 719 2134 et
740 2070 892 2155 propriae
914 2069 1066 2134 monialis

264 2154 424 2219 Ludendo
448 2158 564 2221 scriem
588 2178 672 2221 nunc
694 2157 840 2221 lectitare
863 2164 1041 2235 recentem,

263 2240 334 2314 Quo
359 2242 443 2305 male
468 2243 653 2327 compositis
676 2243 784 2306 verbis
806 2262 884 2306 mox
908 2240 1039 2306 decidet
1061 2242 1167 2306 omnis
1254 2270 1298 2317 υ.

265 2327 441 2392 Rusticitas
466 2331 528 2393 oris
552 2330 593 2394 dc
617 2330 771 2394 tractibus
793 2328 971 2413 imperialis

264 2413 421 2495 Nominis,
445 2423 480 2478 et
503 2417 595 2479 titulo
619 2417 746 2499 signata
769 2417 815 2478 tui
837 2413 1025 2479 venerando

268 2500 450 2586 Despectus
473 2503 571 2565 nimia
593 2503 699 2566 meriti
723 2508 875 2565 tueantur
897 2500 940 2565 ab
963 2519 1054 2565 aura.

308 2930 484 3016 Postquam
507 2953 567 2995 rex
589 2954 714 3018 regum,
739 2935 793 3019 qui
817 2932 905 2997 solus
928 2938 1046 3017 regnet
1069 2932 1103 2997 in
1124 2946 1234 3007 setun,
1272 2948 1298 3009 se

264 3015 386 3080 Perse
410 3026 595 3082 cunctorum
618 3026 835 3084 transmutans
856 3027 1007 3104 tempore
1029 3036 1153 3103 regum,
1229 3028 1260 3077 ω·

263 3101 360 3167 Iussit
382 3104 581 3168 Francorum
604 3108 769 3170 transferri
791 3107 900 3171 nobile
923 3124 1059 3189 regnum

264 3189 317 3252 Ad
341 3192 460 3254 claram
484 3202 615 3276 gentem
639 3193 816 3272 Saxonum,
839 3212 958 3256 nomen
980 3190 1154 3255 bebentsrn

263 3277 292 3338 Α
317 3298 396 3339 snxo
420 3298 480 3362 per
503 3278 652 3342 duritiam
677 3281 793 3343 mentis
816 3279 901 3344 bene
923 3278 1061 3359 llrmem,

264 3359 364 3425 Filius
388 3362 534 3428 Oddonis
557 3368 665 3451 magni
690 3366 779 3430 ducis
803 3375 837 3431 et
858 3362 1047 3443 reuerendi,

1039 3464 1259 3489 uun—d

245 3534 276 3585 16
295 3539 407 3587 monitus
420 3539 451 3588 tl!
491 3558 581 3606 parare
595 3542 654 3608 rll¹p
727 3542 757 3594 li
777 3541 937 3593 concorditer
952 3540 1048 3601 (·eor‹l·
1065 3538 1095 3590 iu
1111 3552 1163 3589 m·
1177 3524 1262 3595 wll!

156 3600 190 3653 32
209 3605 242 3654 Ut
260 3607 363 3670 scripsi:
382 3609 414 3658 Et
433 3609 463 3658 M
550 3609 584 3661 al
601 3613 727 3678 Lugeudo
745 3612 789 3664 M:
807 3628 875 3663 corr.
895 3609 970 3661 Perta

241 3688 259 3740 4
276 3693 405 3743 saxorium
424 3694 457 3744 J!

243 3830 277 3881 23
294 3830 372 3883 ‘norb
384 3835 476 3884 scissem
494 3831 617 3885 Vorttld'.
687 3832 722 3885 ‘28
740 3822 1045 3901 ct'.rep.1113,16m·
1114 3820 1264 3894 85413.

155 3898 206 3950 den
227 3902 284 3952 irtel
301 3903 491 3967 aripeorduetcn
508 3905 608 3954 ll'orteu
621 3904 726 3954 ulcbold
743 3905 890 3956 benommen
907 3902 993 3955 werde
1004 3900 1069 3969 jede
1085 3898 1113 3951 U

154 3968 203 4018 der
222 3969 339 4035 Spreclre
361 3973 458 4038 irrtblqe
480 3974 525 4023 cles
543 3974 712 4025 irriserb'clren
731 3974 922 4039 ll'amemaeuqco
938 3972 995 4023 und
1016 3972 1066 4035 eie,
1086 3966 1218 4023 ΗΜ
1233 3954 1265 4009 '3

155 4037 203 4087 der
220 4039 399 4107 ebmirdiqca
416 4042 549 4109 ll‘icbnuup
567 4062 602 4093 ors
621 4044 693 4107 dieb,
718 4062 764 4094 cor
782 4044 853 4093 ollzn
872 4042 1004 4107 solensem
1020 4038 1136 4107 lum
1149 4032 1265 4089 ΠΗ

156 4106 392 4175 Geriupeebiltzrmp
407 4113 534 4177 pesclrrltzt
551 4109 637 4164 acierr’.

242 4190 259 4241 4
287 4196 320 4260 cf.
347 4197 418 4248 Alco.
444 4216 464 4249 c.
486 4204 505 4259 1,
523 4204 599 4264 Nep.
623 4198 665 4259 (P.
687 4200 713 4250 0.
737 4208 797 4250 tom.
816 4198 836 4249 Ι
853 4214 882 4263 p.
897 4200 957 4253 170.-
982 4194 1047 4247 adn.
1070 4190 1101 4245 P.
1118 4190 1148 4245 0.
1168 4174 1268 4309 w

151 4276 180 4323 p.
199 4264 240 4324 56)
264 4280 328 4329 gens
352 4302 358 4314 .
378 4303 384 4316 .
408 4268 529 4318 duritiam
560 4278 663 4335 propter
684 4270 746 4320 dicti
770 4269 923 4335 cognomine
944 4267 1004 4317 mi
1025 4264 1076 4329 (eie
1096 4264 1159 4317 &a

156 4328 251 4380 Korol.
271 4332 355 4385 Dicte.
369 4352 399 4399 p.
413 4338 465 4400 47).
