2910 5024
296 381 314 434 2
658 371 920 429 HROTSVITHAE
939 372 1068 428 OPERA.

258 560 270 619 l
383 550 478 616 Hunc
514 549 675 626 libellum,
801 567 878 610 erro
916 545 1012 610 ullius
1052 544 1178 609 decoris
1211 546 1302 610 culm
1334 566 1416 612 orne

297 645 380 719 tum,
468 636 527 702 sed
556 657 619 700 non
647 655 747 721 parva
770 568 937 718 diligentia
964 632 1193 714 inlaboratum,
1288 634 1417 699 omniun

297 725 491 812 sapientium
514 721 707 807 benignitati
730 720 832 785 offero
856 719 1113 805 expurgandum,
1201 740 1315 784 eornm
1337 719 1416 786 dnm

297 819 403 891 taxat,
434 813 488 896 qui
518 811 636 875 erranti
663 829 726 872 nou
750 806 953 871 delectantur
976 807 1153 891 derogare,
1243 806 1303 871 sed
1329 809 1417 893 magis

255 904 274 964 2
298 905 404 965 errata
424 899 594 982 corrigere.
682 894 804 958 Fateor
824 914 974 980 namque,
1055 913 1107 957 me
1123 892 1204 958 haut
1226 893 1447 961 mediocritati

298 1005 422 1051 errasse
510 1005 573 1048 non
598 981 701 1047 solum
723 983 756 1045 iu
779 979 983 1045 dinoscendis
998 978 1194 1065 syllabarum
1211 982 1347 1064 naturis,

296 1093 409 1138 verum
442 1072 540 1135 etiam
572 1070 604 1132 in
634 1067 826 1133 dictionibus
856 1065 1097 1153 componendis,
1185 1068 1345 1155 pluraque
1369 1065 1417 1133 ab

296 1160 358 1224 hac
386 1159 469 1222 serie
568 1155 819 1241 reprehensione
848 1154 945 1238 digua
972 1155 1116 1228 latitare;
1218 1153 1280 1218 ssd
1308 1174 1418 1221 amores

297 1246 412 1311 latenti
439 1244 541 1309 facilis
570 1244 663 1306 venia
750 1242 835 1306 vitiis
858 1262 899 1305 ue
930 1241 1068 1306 debetur
1099 1241 1153 1327 pia
1176 1243 1348 1310 correctio.

255 1335 274 1396 3
298 1331 332 1398 si
355 1339 465 1396 autem
482 1330 628 1410 obicitur,
652 1328 737 1415 quod
760 1263 920 1414 quae‘dam
936 1329 1030 1393 huius
1046 1328 1154 1414 operis
1243 1330 1336 1395 iuxta
1349 1348 1416 1416 qro-

297 1418 432 1484 rundam
456 1417 713 1481 aestimationem
736 1422 865 1501 sumpta
891 1417 954 1479 sint
976 1436 1019 1480 ex
1041 1414 1205 1501 apocrifis,
1296 1437 1361 1482 nou
1378 1422 1418 1481 art

297 1507 417 1572 crimen
453 1504 721 1591 praesumptionis
753 1503 897 1587 iniquae,
998 1500 1057 1566 sed
1091 1522 1182 1566 error
1217 1502 1418 1587 ignorantias,

383 1592 473 1678 quia,
504 1588 634 1676 quando
657 1589 749 1653 huius
772 1596 898 1654 stamen
922 1589 1017 1653 seriei
1040 1609 1214 1675 coeperam
1237 1588 1347 1672 ordiri,

296 1680 452 1765 ignoravi,
540 1676 638 1742 dubia
661 1697 744 1757 esse,
831 1677 863 1739 iu
887 1677 1002 1761 quibus
1018 1675 1162 1761 disposui
1183 1675 1346 1744 laborare.

256 1767 272 1825 t
297 1768 343 1831 At
365 1765 420 1830 ubi
442 1765 627 1847 recognovi,
714 1762 924 1849 pessumdare
949 1762 1137 1843 detrectavi,
1227 1764 1318 1848 qnia,
1344 1761 1452 1916 ffln

255 1852 424 1917 bridetur
450 1853 586 1930 falsitas,
675 1850 783 1913 forsan
810 1849 1000 1936 probabitur
1029 1871 1101 1915 osse
1132 1850 1260 1914 veritas.

298 1960 349 2004 res
365 1959 437 2003 sese
453 1939 500 2002 ita
513 1937 666 2017 habeant,
689 1943 779 2000 tanto
868 1936 910 2001 ad
933 1937 1070 2024 perlecti
1087 1936 1312 2001 defensionem
1335 1959 1421 2025 opus

298 2026 360 2090 culi
383 2026 614 2111 permultorum
638 2024 797 2087 iuvamina
821 2044 915 2107 egeo,
1004 2031 1123 2109 quanto
1144 2025 1178 2087 in
1200 2025 1273 2109 ipsa
1295 2024 1421 2112 incepti·

299 2132 361 2176 one
380 2112 483 2176 minus
499 2111 566 2176 ulla
630 2111 752 2195 proprii
767 2111 886 2194 rigoris
905 2110 1062 2176 fulciebar
1080 2110 1288 2185 sufficientia;
1357 2112 1424 2199 quis

297 2219 358 2263 nec
372 2205 499 2262 matura
513 2196 618 2262 adhuc
638 2203 747 2261 aetate
763 2198 876 2282 vigens
964 2217 1024 2262 nec
1039 2198 1173 2262 scientia
1188 2197 1234 2262 fui
1249 2198 1423 2285 proficiens,

393 2284 452 2349 sed
484 2305 545 2348 nec
575 2285 669 2347 alicui
703 2284 897 2369 sapientium
929 2283 1082 2348 allectum
1116 2304 1210 2348 meae
1246 2286 1425 2352 intentionis

299 2370 496 2437 consulendo
527 2371 706 2457 praesumsi
735 2370 922 2450 enucleare,
1010 2392 1051 2435 ue
1075 2369 1266 2457 prohiberer
1291 2393 1351 2458 pro
1378 2393 1426 2438 ru·

256 2464 276 2523 6
299 2459 448 2524 sticitate.
536 2457 630 2522 Unde
647 2458 730 2522 clam
754 2458 874 2523 cunctis
891 2464 924 2521 et
946 2458 1038 2543 quasi
1053 2459 1172 2537 furtim,
1195 2461 1329 2525 nuncin
1344 2481 1425 2525 com·

298 2545 456 2632 ponendis
473 2545 542 2609 sola
559 2544 757 2625 desudando,
824 2565 908 2608 nuuc
924 2546 1007 2609 male
1025 2546 1204 2631 composita
1220 2545 1426 2628 destruendo,

386 2633 576 2716 satagebam
592 2633 683 2696 iuxta
706 2653 813 2696 meum
829 2652 935 2717 posse,
958 2633 1034 2696 licet
1056 2633 1186 2696 minime
1202 2637 1428 2712 necessarium,

384 2720 524 2805 aliquem
539 2725 648 2783 tamen
668 2719 825 2782 conficere
841 2725 966 2782 textum
1056 2741 1097 2783 cx
1113 2720 1281 2784 sententiis
1298 2723 1429 2808 scriptu·

297 2826 415 2887 rarum,
503 2827 583 2892 quas
605 2806 688 2869 intra
703 2826 812 2869 arcam
834 2807 934 2869 nostri
1022 2805 1319 2873 Gaudeshsmeusis
1334 2810 1431 2875 colle·

256 2895 409 2994 lgeram
426 2893 587 2959 coenobii:
669 2893 781 3043 (primo
863 2893 1119 2978 sapientissimae
1202 2900 1303 2979 atquc
1318 2894 1430 2983 benig·

296 2979 448 3044 nrssimac
542 2978 668 3043 Rilrlrar
692 2980 717 3042 ‘s
745 2980 919 3064 magistrae
1014 2980 1215 3066 aliarumque
1245 3002 1324 3046 suae
1357 2984 1431 3050 risis

296 3067 474 3130 instruente
504 3087 558 3131 ma
584 3067 707 3144 'sterio,
804 3065 921 3130 deindo
956 3088 1057 3152 prona
1090 3067 1221 3132 favente
1257 3069 1431 3135 clementis

297 3153 408 3239 regiae
424 3153 540 3218 indolis
589 3152 758 3238 erbergac,
846 3154 935 3219 cuius
958 3175 1040 3219 nunc
1063 3154 1184 3220 subdor
1207 3154 1352 3221 dominio
1376 3158 1430 3223 ab·

296 3239 453 3314 batissae;
553 3261 636 3326 quae
672 3246 780 3305 aetate
821 3241 938 3321 minor,
1037 3241 1111 3323 sed,
1154 3249 1190 3304 ut
1229 3242 1431 3329 imperiale·

298 3325 436 3391 decebat
470 3333 620 3412 neptem,
658 3328 792 3391 scientia
825 3327 1018 3412 provectior,
1114 3328 1238 3414 aliquot
1271 3339 1431 3407 auctores,

298 3434 379 3498 quos
401 3416 472 3499 ipsa
488 3415 575 3500 prior
597 3435 617 3477 a
639 3414 883 3500 sapientissimis
900 3413 1020 3494 didicit,
1109 3436 1161 3478 mc
1178 3414 1357 3483 admodum
1404 3420 1432 3485 's

254 3499 446 3573 serudivit.
534 3499 688 3574 Quamvis
712 3502 809 3565 etiam
826 3502 958 3565 metrica
981 3500 1159 3566 modulatio
1180 3503 1345 3569 femineae
1417 3542 1432 3554 ·

296 3587 414 3670 gilitati
448 3587 585 3653 difficilis
611 3587 759 3652 rideatur
793 3594 825 3652 et
855 3587 966 3669 ardua,
1062 3589 1132 3653 solo
1164 3595 1273 3655 tamen
1301 3612 1434 3680 semper

294 3675 476 3739 miserentis
510 3695 668 3760 supernae
702 3675 827 3758 gratiae
861 3677 997 3756 auxilio,
1031 3697 1094 3740 non
1130 3678 1266 3763 propriis
1300 3678 1433 3759 viribus,

295 3761 426 3841 confisa,
507 3760 600 3825 huius
617 3763 758 3826 carmina
774 3763 919 3848 opusculi
999 3763 1155 3828 dactilicis
1170 3764 1310 3830 modulis
1327 3769 1432 3834 succi·

380 4012 537 4062 l‘assrsrw.
576 4011 712 4063 luisci!
789 4013 820 4064 12
835 4017 1032 4082 presumptionis
1045 4015 1105 4080 (sic)
1119 4016 1149 4064 J!
1222 4014 1253 4067 31
1269 4009 1437 4073 abbacie!

293 4078 327 4129 36
345 4080 400 4130 sola
420 4080 461 4130 dl:
480 4082 581 4132 correxi

378 4313 532 4362 Pssssarro.
568 4307 602 4359 29
624 4327 687 4363 susc
704 4313 779 4364 vicis:
801 4316 836 4379 cs.
851 4315 931 4381 prim.
944 4319 998 4366 na.
1017 4318 1077 4366 481.
1164 4312 1199 4367 32
1221 4330 1306 4372 sente
1333 4325 1434 4379 mium:

291 4383 325 4446 cs.
342 4397 458 4446 prooem.
545 4378 580 4430 38
597 4380 663 4432 dact
683 4382 749 4433 mod.
768 4399 851 4435 succ:
868 4387 903 4450 cf.
923 4383 994 4436 Mar.
1006 4387 1049 4450 20,
1070 4384 1153 4452 aas.
1168 4389 1208 4452 78,
1228 4388 1292 4442 Bor.
1306 4396 1334 4446 4.
