2910 5024
648 639 709 705 111.

218 762 248 827 0
262 761 325 922 pie
347 757 513 842 lucisator,
536 760 649 825 mundi
669 780 842 847 rerumque
867 767 1007 846 parator,

291 870 325 913 ιιι
349 848 475 912 caelum
496 847 603 933 pingis
626 846 786 912 sideribus
807 847 914 929 variis,

217 934 314 1000 Solus
338 940 372 999 et
393 934 553 1019 astrigera
574 954 715 1020 regnans
738 933 913 999 dominaris
936 935 969 998 in
992 935 1076 1018 aula,

260 1021 400 1086 Numine
424 1027 539 1085 cuncta
560 1026 675 1085 tenens
697 1021 899 1107 imperioque
921 1042 1057 1105 regens;

217 1108 280 1185 Τιι,
303 1109 358 1194 qui
379 1127 440 1192 per
460 1108 627 1193 proprium
650 1107 755 1171 fecisti
776 1108 907 1172 saecula
928 1113 1041 1172 natum

262 1193 306 1259 Et
327 1215 436 1258 rerum
458 1195 576 1257 trinam
601 1213 644 1257 ex
666 1193 766 1258 nihilo
789 1195 981 1275 machinam,

220 1280 349 1367 Quique
372 1280 575 1366 protoplasto
599 1280 640 1344 de
663 1286 750 1344 terra
773 1281 833 1344 rite
857 1287 966 1345 creato

262 1367 335 1433 Oris
357 1367 455 1431 divini
476 1374 608 1432 nectare
630 1386 749 1452 nempe
772 1367 819 1430 tui

217 1453 339 1519 Sensus
361 1455 494 1518 vitalem
516 1454 652 1517 sufflasti
675 1452 759 1516 forte
782 1453 950 1538 liquorem,

264 1541 309 1605 Ut
331 1541 431 1605 fixum
454 1539 547 1625 digiti
570 1546 658 1604 esset
680 1559 760 1625 opus
782 1540 918 1625 proprii:

218 1628 269 1693 Tu
292 1628 426 1713 dignare
448 1632 525 1691 tuae
548 1625 743 1713 perfundere
767 1625 865 1690 corda
887 1625 1038 1689 famellae

261 1714 473 1779 Hrotsvithae
496 1733 570 1777 rore
594 1714 634 1776 tis
656 1713 710 1799 pie
733 1713 903 1798 gratiolae,

219 1799 371 1865 Carmine
416 1821 458 1864 uo
482 1806 613 1884 compto
636 1800 763 1863 valeam
786 1800 840 1885 pia
862 1817 1007 1885 pangere
1029 1796 1116 1861 facta

262 1886 372 1952 Sancti
395 1822 550 1970 bongolfi
571 1886 721 1971 martyris
745 1886 870 1970 egregii

219 1973 264 2039 Et
285 1974 419 2038 laudare
442 1979 533 2037 tuum
555 1992 685 2058 semper
706 1993 825 2037 nomen
848 1969 1066 2049 benedictum,

261 2059 323 2132 Qui
344 2066 418 2147 post
439 2059 528 2124 bella
551 2061 613 2124 tuis
635 2064 728 2144 grata
749 2058 841 2123 dabis
864 2056 992 2122 famulis
1239 2056 1288 2123 1⁶⁰²·
1301 2060 1355 2108 2⁶*

215 2146 367 2211 Praemia
387 2152 568 2233 perpetuae
590 2146 680 2210 tenui
702 2165 761 2231 pro
784 2145 917 2209 vulnere
939 2143 1037 2223 ritae,

261 2232 418 2298 Mandane
440 2235 473 2296 in
496 2253 597 2318 regno
619 2233 728 2297 vivere
751 2232 890 2296 lucifluo.

251 2557 408 2624 PASSIO
433 2556 595 2624 SANOTI
618 2557 849 2623 GONGOLFI
871 2555 1099 2622 MARTIRIS.

217 2680 379 2764 Tempore
403 2699 467 2763 quo
490 2679 582 2762 regni
604 2680 705 2764 gessit
726 2678 883 2764 Pippinus
905 2679 958 2742 eoi

266 2766 465 2830 Francorum
487 2772 617 2850 sceptra
639 2785 674 2829 re
700 2766 730 2827 'a
751 2786 810 2851 pro
834 2766 954 2851 populo

218 2853 294 2917 Iure
318 2872 359 2916 ue
382 2850 553 2936 magnifico
576 2852 663 2915 rexit
714 2850 872 2936 urgundia
894 2871 1005 2934 regna,

261 2874 431 3004 §obiectos
453 2939 552 3002 frenis
575 2939 636 3001 rite
659 2937 821 3002 domando
846 2938 920 3016 suis,

219 3027 379 3091 Famosus
401 3025 527 3089 iuvenis
549 3026 687 3088 nutritur
708 3025 854 3110 partibus
877 3024 949 3101 illis,

260 3113 367 3176 Armis
413 3111 607 3191 raeralidus,
631 3132 766 3196 corpore
790 3111 989 3195 conspicuus,

103 3226 130 3265 ss
216 3198 356 3264 Nomine
380 3133 562 3284 ingulfus,
585 3219 710 3263 morum
733 3198 896 3284 probitate
919 3198 1088 3265 venustus;

261 3285 418 3351 Omnibus
440 3285 493 3349 hio
516 3305 608 3348 carus
632 3286 740 3349 extitit
765 3290 799 3348 et
821 3282 976 3370 placidus.

217 3373 313 3437 Illum
335 3392 454 3456 nempe
477 3373 585 3436 ferunt
607 3377 712 3435 ortum
736 3370 777 3435 de
800 3370 945 3455 germine
968 3387 1082 3451 regum

260 3458 486 3544 Regalemque
509 3459 574 3522 suis
596 3458 739 3522 moribus
764 3458 913 3541 egregiis.

216 3545 322 3631 Ipsius
345 3565 363 3609 e
385 3546 498 3608 matris
520 3545 644 3630 gremio
667 3565 742 3630 spes
764 3543 887 3631 pendet
908 3543 941 3605 in
964 3540 1029 3620 illo,

104 3657 132 3698 ao
265 3631 327 3705 Qui
349 3632 450 3695 verbo
473 3638 588 3696 cuncta
610 3631 754 3696 condidit
776 3651 819 3695 ex
840 3629 951 3709 nihilo,

196 3862 359 3910 Gonootrns
407 3853 424 3906 4
451 3857 563 3907 Numine
588 3857 625 3907 sic
650 3855 696 3915 Μ,·
724 3856 758 3922 cf.
785 3854 857 3906 Mor.
880 3857 928 3905 865
1047 3851 1064 3902 5
1090 3852 1186 3903 fecistis
1214 3851 1246 3900 M

104 3927 143 3981 20
160 3929 216 3994 regi
234 3927 278 3976 Μι
365 3923 400 3978 25
418 3926 554 3992 gingnllus
572 3925 608 3976 sic
626 3925 703 3976 semel
720 3924 754 3974 Μ

194 4135 357 4185 Gonnum
403 4130 474 4200 Μ’.
496 4133 577 4199 Oonp.
588 4137 625 4184 91.
725 4129 794 4197 bos.
814 4130 872 4181 ΙοΙι.
890 4146 926 4181 ev.
945 4136 967 4192 1,
978 4131 1002 4180 3.
1100 4126 1171 4194 bos.
1188 4127 1243 4179 ind.

104 4212 181 4256 metr.
199 4212 224 4254 et
239 4201 325 4254 Pma
343 4201 410 4254 cuth.
428 4207 451 4267 9,
464 4208 503 4253 14.
610 4198 687 4266 lsqq.
712 4201 746 4266 cs.
767 4216 825 4266 gan.
843 4203 868 4262 2,
881 4204 903 4250 7.
1011 4197 1043 4248 11
1062 4199 1097 4264 cs.
1116 4196 1188 4248 Mar.
1201 4198 1242 4248 38.

105 4273 141 4326 13
162 4273 254 4340 elegia·
277 4274 312 4339 os.
328 4270 401 4338 Verp.
417 4288 504 4339 georg.
518 4271 611 4323 11386
633 4271 751 4321 semibus
774 4269 917 4335 incomptis.
1006 4265 1100 4332 192qq.
1122 4268 1157 4334 of.
1178 4267 1243 4317 vitoe

103 4361 125 4394 o.
146 4341 296 4409 Geopalpla'
312 4339 359 4406 (A.
373 4339 400 4394 S.
423 4340 487 4393 Mat.
506 4349 564 4392 tom.
577 4338 614 4389 ΙΙ
625 4357 652 4406 p.
666 4337 789 4404 6431qq.)
808 4356 829 4390 c.
842 4345 864 4402 1,
872 4344 896 4388 4.
984 4333 1019 4388 20
1036 4337 1071 4403 cs.
1086 4344 1148 4402 pest.
1165 4339 1191 4387 8.

1055 4420 1088 4474 3*
