2910 5024
166 353 202 408 ἥ
529 349 792 431 nepusvl‘rfles
810 349 941 406 OPERA.

167 551 206 591 cu
319 525 411 590 Tune
433 530 483 589 est
505 524 684 610 impletum,
707 523 814 588 fuerat
836 522 924 609 quod
946 526 1089 591 carmine
1112 525 1236 592 dictum

276 611 362 677 Olim
384 618 533 698 percerte
556 610 752 674 modulantis
775 611 840 675 tale
863 611 1057 698 prophetae:

273 697 370 764 ‘Ecce
393 719 490 784 super
511 698 619 763 levem
642 695 790 762 dominus
811 697 922 762 veniet
945 699 1009 763 cito
1031 698 1164 779 nubem,

277 785 341 850 Pro
364 787 453 850 cuius
475 790 587 849 sancta
610 784 693 848 fecie
716 783 813 849 decet
835 785 945 849 omnia
966 805 1085 872 nempe

276 871 303 937 E
373 873 397 936 ti
420 870 525 936 subito
549 871 756 957 conquassari
779 870 973 936 simulacra?

306 892 412 1023 fflec
433 957 598 1022 Atrodisio
621 964 794 1058 postquam
817 957 945 1022 fuerant
966 958 1114 1041 recitata,

275 1044 372 1110 Urbis
394 1064 534 1131 namque
558 1042 632 1108 duci
655 1042 840 1131 praedictae
863 1043 960 1109 valde
980 1045 1119 1146 potenti,

275 1130 345 1196 Illic
368 1153 440 1196 cum
463 1131 558 1196 sociis
580 1131 713 1196 festinat
734 1150 873 1217 pergere
896 1130 1016 1197 multra.

274 1217 369 1291 Quod
392 1240 464 1283 cum
511 1217 656 1282 ontifices
679 1218 793 1304 templi
814 1237 946 1283 sensere
969 1217 1107 1304 profani,

272 1302 295 1368 S
320 1305 456 1370 erebant
477 1239 568 1369 iilum
589 1304 686 1368 variis
708 1324 787 1368 mox
808 1302 947 1390 perdere
969 1305 1085 1392 poenis

306 1411 352 1471 os,
376 1393 430 1476 qui
454 1391 572 1456 damna
595 1390 656 1455 diis
679 1390 826 1455 fecerunt
847 1391 926 1456 talia
947 1392 1061 1457 stultis.

272 1477 289 1541 I
313 1497 348 1541 se
371 1478 440 1560 sed,
463 1479 495 1541 in
518 1485 605 1541 terra
627 1496 762 1542 cernens
785 1478 955 1542 simulacre
978 1477 1099 1544 decora

304 1562 398 1628 btutu
420 1584 521 1651 prono
545 1565 665 1650 passim
687 1564 822 1628 volitare
846 1565 979 1643 minuta,

271 1649 409 1715 Lumine
432 1651 583 1717 caelestis
607 1650 724 1736 raptim
746 1670 919 1716 succensus
941 1650 1061 1716 amoris

272 1735 314 1801 Et
337 1737 412 1802 fidei
435 1758 557 1820 sacrae,
580 1743 704 1801 monto
728 1735 866 1822 denique
890 1736 988 1802 corde

273 1824 424 1889 Substitit
447 1832 545 1910 atque
568 1825 635 1888 suis
657 1821 803 1907 gaudens
826 1824 956 1889 dicebat
978 1823 1108 1889 amicis:
1298 1826 1336 1892 [⁰¹

272 1909 379 1991 ‘Ecca
426 1918 553 1975 atenter
575 1908 670 1975 adest
693 1908 840 1974 dominus
863 1931 961 1998 snper
983 1910 1093 1975 omnia
1114 1907 1250 2009 pollens,

272 1996 377 2070 Quem
400 1933 537 2062 dirtaase
561 1996 605 2061 dii
628 1996 726 2061 tacito
750 2019 823 2062 cum
845 2018 1008 2063 murmure
1029 2005 1132 2061 nostn

272 2083 347 2148 Iure
372 2084 468 2149 deum
490 2104 603 2148 verum
626 2089 847 2149 contestantur
870 2085 938 2150 iore
962 2086 1076 2149 solum.

272 2169 398 2252 Restat,
421 2179 458 2235 ut
479 2172 623 2257 ipsorum
645 2172 798 2256 prostrati
820 2192 910 2237 more
934 2172 1069 2237 deorum

269 2256 398 2321 Devota
420 2278 533 2344 regem
555 2277 749 2322 veneremur
771 2264 880 2323 mente
903 2277 1092 2344 perennem,

271 2342 363 2416 Quae
387 2345 464 2409 fecit
486 2345 565 2428 regi,
589 2350 817 2427 memorantes,
840 2346 906 2409 iem
927 2344 1101 2424 Pharaoni,

272 2427 334 2501 Qui
357 2451 415 2495 sua
437 2432 509 2518 plus
530 2432 616 2495 insto
639 2432 761 2518 sprevit
782 2430 989 2496 mandamina
1010 2451 1113 2511 mora,

268 2516 319 2582 Ne
342 2526 472 2583 nosmet
493 2517 623 2583 foveam
646 2519 758 2583 mortis
781 2518 934 2584 detmdat
954 2520 988 2584 in
1010 2513 1138 2583 atram?

312 2603 460 2684 Dixerat,
483 2612 582 2690 atque
605 2605 674 2668 solo
697 2611 876 2691 prostratus
899 2627 937 2671 co
977 2627 1034 2671 ore
1057 2611 1127 2670 toto

268 2689 418 2755 Volvitur
440 2698 516 2756 ente
541 2691 644 2778 pedes
666 2698 798 2757 sanctae
821 2694 948 2777 rogitan
972 2714 991 2757 0
1015 2692 1137 2758 Mariae

269 2776 449 2843 Gratiolem
472 2779 564 2864 pueri
586 2785 771 2843 constanter
792 2800 873 2845 voce
895 2779 994 2860 fideli,

269 2862 374 2938 Quem
397 2872 503 2930 mater
523 2866 648 2951 gremio
671 2865 817 2951 gaudens
840 2867 983 2952 portarit
1005 2867 1120 2932 amico.

312 2950 341 3016 Ο
364 2951 528 3016 laudanda
551 2958 626 3016 tuae
649 2953 774 3016 virtutis
798 2953 911 3037 gloria,
936 2953 1074 3034 Christe,

269 3036 297 3102 Ο
321 3038 468 3103 miranda
490 3058 603 3102 sacrae
627 3059 757 3124 semper
779 3040 913 3104 mutatio
938 3040 1085 3122 dextrae,

271 3122 334 3196 Qui
356 3133 436 3190 nutu
460 3125 557 3190 tacito
580 3126 666 3211 potis
689 3146 724 3190 es
748 3126 919 3211 disponere
943 3133 1074 3191 cuncta!

271 3209 350 3283 Quis
372 3213 461 3277 volet
484 3232 562 3298 ergo
587 3219 663 3277 triae
686 3213 817 3299 pietatis
840 3233 975 3278 munere
997 3233 1148 3299 magnae,

269 3296 371 3362 Unice
393 3306 470 3363 nate
493 3298 546 3363 dei
569 3319 693 3363 summo
717 3300 827 3364 similis
849 3299 1001 3386 genitori,

267 3382 377 3449 Mirari
401 3385 509 3471 digne,
532 3386 648 3450 merita
669 3387 723 3450 vel
746 3385 853 3451 dicere
876 3387 985 3468 laude,

270 3467 332 3541 Qui
355 3473 455 3536 nostri
478 3492 576 3536 cause
599 3472 705 3537 fecisti
727 3477 819 3538 tanta
841 3472 1023 3559 stupenda?

267 3555 326 3638 Tu,
349 3558 418 3622 sine
441 3559 597 3644 principio
617 3567 713 3623 natue
735 3559 777 3624 de
799 3567 891 3645 patre
915 3579 1066 3647 superno,

265 3642 332 3708 Per
354 3651 531 3732 praecepta
553 3647 654 3731 patris
678 3647 846 3733 complesti
869 3647 995 3712 viscera
1017 3649 1140 3731 matris,

266 3729 318 3795 Ex
341 3731 403 3796 hac
425 3752 614 3818 corpoream
639 3754 768 3797 sumens
792 3734 851 3797 sub
875 3740 1022 3821 tempore
1046 3734 1198 3812 formam

243 3919 296 3972 840
313 3923 388 3986 Haeo
405 3924 464 3987 (cic)
482 3923 512 3974 Μ
598 3924 648 3977 841
667 3927 740 3979 ducis
759 3927 790 3977 M
877 3925 929 3980 843
947 3929 990 3979 od
1007 3946 1066 3981 cum
1146 3931 1176 3983 in
1192 3951 1252 3986 m.
1271 3935 1304 3986 1

156 4007 236 4040 mona
259 3997 272 4040 1
370 3990 420 4042 847
449 3995 511 4057 sort.
534 3994 652 4047 voliiture
752 3995 803 4050 857
831 3999 916 4065 apeuit
941 3997 975 4048 ss
1146 4001 1232 4068 glorie
1257 4005 1300 4056 11¹

156 4058 208 4111 869
224 4062 345 4126 stupend·
363 4061 389 4111 in
408 4080 460 4112 rae.
480 4062 514 4112 Μ
526 4081 596 4114 mon.
611 4071 623 4116 1
709 4063 760 4118 871
779 4068 902 4135 Percepte
920 4066 970 4132 w,
989 4069 1147 4137 Preoeptep

245 4211 296 4262 &36
314 4213 506 4281 lcoi.19,1(cs.
520 4215 761 4282 sctodep.so²⁴¹).
821 4218 871 4271 849
883 4221 918 4286 cs.
933 4219 1005 4272 Mor.
1017 4226 1069 4274 752.
1126 4221 1180 4275 862
1198 4228 1302 4292 gremio

157 4283 290 4417 :peuKdOoep
284 4280 363 4418 {a}
371 4287 433 4404 721112
443 4288 492 4335 771.
572 4284 623 4337 864
641 4288 676 4353 cs.
689 4288 786 4353 poclm.
802 4293 884 4352 7o,11.
964 4288 1014 4341 867
1032 4292 1140 4344 elocutio
1160 4295 1301 4357 Δηίαιοῐ
