2910 5024
556 338 584 394 11
601 339 626 394 5.
644 337 806 405 Posoutisss.

10 512 82 602 1³]
193 512 374 665 iffi
408 509 827 684 qqppseteqepqqqqqqm
850 597 1022 682 seusa}

192 685 363 752 Aureums.
408 685 553 771 Tempus
577 691 636 766 est,
658 691 695 749 ut
708 685 756 749 illi
779 692 812 750 ct
834 705 926 771 spem
941 687 1056 751 veniae
1076 684 1081 769 Ι
1101 689 1135 750 et
1156 686 1242 750 eolo·

103 791 181 836 men
203 773 375 858 promittas
397 770 606 836 beatitudinis
629 778 792 836 aeternae.
813 772 818 851 Ι

10 924 61 1093 ᾗ
73 1017 86 1076 ¹
193 977 377 1043 pumma.
421 977 530 1061 Thais,
553 999 628 1042 mea
649 977 803 1064 adoptivo
823 980 899 1063 filia,
921 981 1012 1067 aperi
1033 979 1240 1067 fen0⁸i1⁸msi
1271 1007 1283 1047 ⁵

102 1070 140 1129 ut
162 1071 197 1127 te
218 1062 382 1149 videam}

192 1149 300 1217 Turis.
346 1149 425 1224 Quis
446 1149 606 1235 loquitur?

191 1235 374 1303 Peruumus.
418 1236 736 1323 Pafnutius,1pater
758 1244 840 1302 tuus.
861 1238 866 1322 Ι

192 1321 301 1387 Tusrs.
338 1322 434 1387 Unde
457 1322 534 1387 mihi
549 1323 730 1388 iocunditas
753 1331 864 1388 tantae
880 1323 1034 1406 laetitiae,
1054 1323 1059 1408 Ι
1078 1329 1115 1387 ut
1136 1330 1172 1389 tu
1188 1344 1240 1389 me

103 1410 323 1495 peccatricem
347 1409 526 1494 dignareris
547 1409 698 1474 visitare?
718 1411 723 1493 Ι
1259 1438 1284 1478 m

192 1493 376 1560 Possumus.
419 1495 513 1559 Licet
539 1515 599 1580 per
620 1495 682 1560 hoc
703 1497 875 1560 triennium
898 1496 1015 1559 absens
1043 1516 1148 1559 essem
1171 1517 1241 1560 cor-

103 1601 196 1667 poro,
216 1580 222 1663 Ι
240 1581 320 1646 haut
334 1580 495 1645 modicum
519 1586 630 1645 tamen
644 1583 832 1647 sollicitatus
847 1603 917 1645 eum
938 1602 997 1668 pro
1020 1583 1068 1646 tui
1083 1582 1196 1646 salute.
1217 1580 1222 1664 Ι

192 1666 301 1731 Turis.
345 1666 420 1731 Non
443 1667 565 1732 dubito.

60 1768 80 1828 2
190 1751 374 1820 Puruurms.
416 1753 554 1838 Expone
577 1752 657 1816 mihi
679 1753 845 1818 historiam
867 1760 944 1819 tuac
967 1753 1238 1839 conversationis!

105 1838 303 1924 modumque
326 1841 612 1925 compunctionis!
1258 1867 1283 1906 rs

193 1924 302 1989 Traeis.
346 1924 419 1989 Hoc
445 1946 576 2011 possum
606 1945 782 2009 exponere,
801 1924 807 2007 Ι
827 1925 914 2011 quod
941 1946 1006 1989 non
1032 1926 1156 2008 nescio,
1185 1945 1239 1989 me

103 2011 184 2075 nihil
207 2009 339 2097 diguum
363 2011 424 2076 deo
448 2013 563 2097 egisse.
583 2011 588 2094 Ι

145 2182 168 2247 b
191 2096 373 2165 Parnurrus.
419 2098 455 2163 Si
477 2097 557 2162 deus
579 2096 763 2182 iniquitates
784 2096 979 2178 observabit,
998 2097 1005 2179 Ι
1023 2117 1120 2162 nemo
1143 2097 1238 2161 susti-

103 2203 145 2247 ne
170 2183 204 2251 it.

11 2240 85 2370 ’κζ’
192 2185 302 2334 There.
346 2268 382 2333 si
396 2275 515 2350 tamen,
538 2268 615 2354 quid
630 2268 773 2344 fecerim,
796 2268 844 2332 vis
860 2269 952 2350 scire,
974 2269 1238 2333 numerositatem
1264 2283 1313 2349 sol.
1325 2284 1383 2335 118³

103 2376 252 2420 meorum
285 2356 443 2419 scelerum
476 2357 560 2420 intra
593 2355 821 2420 conscientiam
854 2356 946 2440 quasi
981 2355 1014 2417 in
1051 2356 1237 2420 fasciculum
1256 2381 1280 2420 m

103 2442 224 2526 collegi
243 2444 248 2523 Ι
269 2447 303 2505 et
324 2441 551 2526 pertractando
580 2448 688 2505 mente
712 2461 840 2526 semper
865 2442 1002 2526 inspexi,
1022 2444 1028 2523 Ι
1048 2463 1127 2528 quo,
1158 2443 1240 2506 sicut

101 2528 235 2593 naribus
265 2548 440 2613 numquam
465 2529 614 2593 molestia
646 2528 788 2610 foetoris,
809 2527 814 2611 Ι
833 2528 879 2591 ita
905 2527 1041 2592 formido
1069 2528 1238 2613 gehennae

101 2634 169 2678 non
191 2614 324 2679 abesset
346 2616 465 2679 visibus
488 2613 602 2679 cordis.
623 2615 629 2695 Ι

190 2700 372 2766 Pemrrus.
418 2699 502 2774 Quia
530 2708 562 2765 te
587 2700 818 2785 conpunctione
841 2700 969 2785 punisti,
989 2699 993 2783 Ι
1013 2697 1087 2764 ideo
1108 2701 1236 2764 veniam
1255 2725 1280 2766 ss

100 2787 284 2865 meruisti!

191 2873 301 2938 Tenis.
347 2870 560 2950 Outinemil

55 2961 76 3020 4
190 2958 374 3024 Psruurms.
419 2957 471 3022 Da
492 2978 633 3038 manum,
655 2964 691 3021 ut
712 2963 745 3021 te
769 2954 914 3021 educam.
934 2959 939 3035 Ι

190 3045 298 3110 Turis.
343 3044 429 3125 Noli,
451 3050 545 3130 pater
567 3043 761 3124 venerande,
783 3047 787 3122 Ι
806 3044 870 3107 noli
893 3062 946 3106 me
969 3041 1165 3106 sordidulam
1186 3042 1237 3107 his

100 3130 302 3196 inmunditiis
330 3131 530 3213 abstrahere,
549 3136 554 3213 Ι
575 3131 633 3195 sed
663 3131 730 3194 sine
757 3131 790 3194 in
811 3130 884 3194 loeo
912 3129 993 3192 meis
1014 3129 1137 3192 meritis
1160 3149 1237 3193 con·
1254 3154 1280 3193 so

101 3217 203 3302 digno
225 3239 371 3282 mansum
393 3220 450 3282 ire.
471 3218 476 3300 Ι

191 3304 373 3369 Pannonius.
428 3303 572 3388 Tempus
601 3308 666 3381 est,
700 3308 736 3365 ut
766 3302 907 3384 levigato
936 3301 1051 3364 timore
1076 3299 1081 3380 Ι
1103 3299 1237 3384 incipias

100 3391 203 3454 vitem
227 3410 369 3475 sperare,
389 3394 394 3471 Ι
415 3391 490 3477 quia
513 3391 560 3454 tui
582 3389 782 3475 poenitentia
803 3386 1011 3472 acceptabilis
1034 3392 1083 3450 est
1106 3385 1179 3451 deo.

191 3476 299 3542 Turis.
343 3477 422 3541 Eius
444 3477 558 3562 pietati
578 3480 583 3558 Ι
602 3475 733 3539 laudem
755 3476 861 3538 ierant
877 3493 988 3537 omnes
1011 3473 1128 3556 angeli,
1142 3472 1146 3558 Ι
1162 3473 1237 3559 quia

100 3583 167 3627 non
191 3564 313 3648 sprevit
335 3564 548 3628 humilitatem
571 3561 675 3626 cordis
699 3560 859 3644 contriti!
1253 3588 1278 3629 ss

56 3666 76 3723 5
189 3649 372 3715 Psrvurrus.
418 3649 497 3714 Esto
521 3649 644 3712 stabilis
670 3649 704 3711 in
732 3646 785 3711 dei
812 3648 926 3710 timore
947 3647 952 3727 Ι
973 3651 1006 3709 et
1026 3664 1180 3730 permane
1203 3645 1236 3708 in

101 3736 172 3800 eius
188 3735 372 3804 dilectione.
387 3735 391 3820 Ι
405 3736 485 3800 Post
501 3735 682 3820 quindecim
698 3754 836 3819 nemque
854 3733 922 3797 dies
932 3732 1108 3817 {hominem
1126 3731 1215 3795 exies
1229 3730 1234 3815 Ι

100 3829 136 3886 et
150 3820 294 3898 tandem,
310 3823 397 3887 felici
413 3843 506 3886 cursu
521 3828 665 3908 peracto,
680 3841 819 3905 superna
835 3820 965 3883 favente
979 3819 1093 3903 gratia,
1111 3815 1115 3901 Ι
1132 3823 1235 3880 trans-

98 3909 255 3993 migrabis
278 3908 321 3972 ad
343 3910 464 3990 astra}

188 4065 221 4118 12
234 4067 361 4119 sollicitus
374 4083 431 4117 sum
441 4064 485 4115 M.-
498 4082 566 4115 corr.
582 4064 696 4125 Praetu
708 4065 833 4116 sollicitus
844 4065 882 4115 sui
893 4064 972 4114 Cebes
1017 4061 1051 4113 23
1062 4062 1187 4126 fetoribus
1193 4061 1235 4111 11¹

97 4135 133 4190 30
149 4139 206 4189 sine
227 4132 291 4202 (me)
311 4137 339 4186 in
356 4136 413 4186 loco
433 4153 467 4186 m.
480 4152 514 4185 m.
527 4151 549 4186 c.
567 4151 685 4185 mansum
703 4135 740 4185 irs
757 4133 878 4194 Baream
894 4133 960 4184 nibil
978 4133 1005 4183 in
1022 4132 1107 4183 codiee
1124 4131 1202 4197 aporii

185 4255 201 4308 7
224 4258 260 4323 cs.
280 4255 389 4321 Pasu.3
406 4256 453 4317 §L
557 4253 574 4304 9
596 4252 630 4317 cf.
649 4254 730 4321 Passa.
743 4259 758 4304 7
772 4253 818 4315 §L
923 4251 956 4304 18
978 4254 1012 4319 cs.
1026 4253 1236 4318 psalm.129,3:

95 4330 118 4380 si
135 4328 292 4392 iniquitates
310 4325 496 4387 observaveris,
517 4324 625 4390 domine,
644 4324 702 4389 quis
720 4323 875 4375 sustinebit?
943 4321 978 4374 23
996 4324 1030 4389 cs.
1048 4321 1234 4388 Pafn.7§12.

1029 4406 1079 4459 12*
