2910 5024
516 311 529 364 l
547 312 572 366 5.
592 308 766 380 Tbeopbtlus.

180 487 291 571 Atque
314 489 468 548 monente
491 502 588 568 mago
612 503 787 570 numquam
810 490 952 549 cessaret
974 486 1082 572 iniquo

180 572 285 637 Saevo
308 570 503 656 multiplices
527 569 668 633 Satanae
691 571 877 656 persolvere
900 579 1019 656 grates,

178 659 231 723 Ex
253 657 344 723 cuius
365 658 465 741 largis
488 654 624 720 credidit
645 657 846 722 solummodo
870 657 961 722 donis

177 745 365 810 Accessisse
389 742 519 828 quidem
543 747 665 807 tantem
689 744 750 808 sibi
772 745 1031 830 prosperitatem,

179 830 327 895 Tandem
351 830 501 894 caelestis
524 829 629 914 pietas
652 830 800 894 inmensa
821 832 975 916 parentis,

177 917 240 992 Qui
263 937 441 1002 numquam
464 917 552 1001 cupit
574 916 739 980 interitum
762 924 965 1003 mortemque
989 938 1128 1001 reorum,

178 1004 246 1069 Sed
268 1023 365 1088 mage
389 1003 551 1068 conversis
573 1002 695 1066 laetam
719 1003 898 1068 concedere
922 1005 1031 1086 vitam,

179 1089 364 1171 Condoluit‚
387 1089 466 1153 facti
487 1088 638 1152 meritum
659 1090 794 1189 periisse
818 1090 961 1176 benigni,

181 1177 254 1250 Quo
278 1175 442 1263 quondam
466 1175 574 1239 stabili
595 1175 685 1239 lulsrt
708 1177 938 1241 celeberrimus
961 1176 1032 1242 orbi

180 1263 277 1346 Istec,
300 1262 476 1327 sollicitans
499 1281 611 1326 omnes
634 1262 811 1327 clementer
834 1269 984 1347 egentem

178 1349 335 1434 Moreque
359 1347 466 1413 divino
488 1349 594 1433 pietas
617 1347 734 1413 eadem
756 1348 942 1414 veneranda

180 1436 332 1501 concutit
356 1440 518 1499 errantem
541 1434 639 1519 digna
662 1434 832 1500 formidine
855 1443 1008 1501 mentem.

220 1522 291 1587 Nec
312 1542 414 1600 mora,
438 1529 635 1607 conpunctus
658 1543 782 1586 summo
806 1543 965 1603 maerore,
987 1523 1130 1587 misellus

178 1609 356 1695 Praeponit
378 1609 526 1694 pavitans
549 1608 648 1671 oculis
670 1609 859 1694 saepissime
883 1609 999 1689 cordis,

177 1695 307 1769 Quanta
328 1693 479 1781 negando
503 1693 600 1759 deum
623 1694 740 1759 memit
761 1701 923 1760 tormenta
944 1715 1003 1780 per
1024 1715 1140 1759 aevum

176 1782 219 1846 Et
241 1780 357 1868 quibus
379 1782 412 1844 in
434 1782 547 1868 poenis
569 1780 659 1866 iungi
681 1780 824 1846 debebat
845 1781 977 1846 Averni.

177 1869 272 1934 Haec
294 1888 423 1968 quoque
446 1866 614 1932 tractando
638 1886 748 1933 secum
770 1888 918 1933 maerore
941 1886 1102 1953 supremo,

177 1956 272 2022 Talia
294 1953 451 2020 contmuis
472 1954 574 2018 fertur
596 1951 715 2018 dixisse
739 1955 904 2019 lamentis:

176 2042 265 2106 ‘Heu
287 2041 435 2106 mihimet
457 2041 587 2122 misero,
611 2041 731 2105 cunctis
753 2040 879 2127 probris
901 2040 1030 2105 vitiato!

178 2128 230 2194 Vs
252 2128 332 2193 mihi
354 2126 536 2192 damnando
558 2127 680 2213 proprii
704 2148 761 2212 pro
785 2128 916 2192 crimine
939 2126 1016 2205 voti,

180 2215 244 2289 Qui
263 2215 363 2301 patris
385 2214 501 2279 summi
522 2214 648 2299 prolem
670 2214 870 2300 perscripta
892 2213 1009 2299 negari

177 2302 381 2386 Divinaeqne
403 2301 497 2365 simul
520 2301 647 2365 dulcem
669 2301 767 2385 prolis
789 2301 994 2386 genitricem!
1204 2300 1316 2362 sol-⁵⁰*

177 2389 282 2468 Eheu,
306 2407 403 2473 quarn
426 2386 531 2451 saevis
553 2385 664 2451 tradar
686 2406 745 2472 per
766 2388 896 2450 saecula
918 2385 1031 2472 poenis

178 2475 222 2538 Et
244 2495 340 2561 quam
363 2474 521 2539 continuis
544 2471 677 2537 claudar
698 2474 766 2537 sine
791 2473 880 2557 (fine)
904 2471 1057 2551 tenebris,

179 2561 242 2634 Qui
263 2562 362 2625 miser
384 2561 470 2644 elegi
492 2558 588 2623 subdi
610 2558 750 2624 Satanae
774 2558 886 2624 ditioni

181 2649 290 2733 Atque
312 2646 519 2712 tenebricolis
540 2646 642 2711 Erebi
664 2644 722 2710 sub
745 2646 855 2710 limine
876 2646 976 2731 iungi,

178 2733 361 2798 Mundanae
384 2753 524 2820 pompae
547 2753 631 2796 vano
654 2731 806 2798 seductus
828 2738 953 2797 amore!

178 2820 266 2894 Quid
288 2819 430 2885 dicturus
454 2840 509 2884 ero
532 2819 665 2883 nimium
687 2827 841 2905 peccator
861 2820 894 2882 in
916 2818 971 2883 illo

178 2908 340 2993 Tempore
363 2906 472 2971 iudicii
494 2907 613 2970 sanctis
634 2907 713 2991 ipsis
734 2904 910 2985 metuendi,

179 2993 316 3067 Quando
339 2992 497 3058 lactomm
519 2992 705 3057 mercedem
728 2992 862 3077 quisque
884 3010 1014 3055 suorum

177 3081 326 3166 Accipiet
349 3078 480 3165 dignam
503 3079 581 3143 satis
604 3099 710 3164 aequa
731 3079 824 3142 lance
846 3078 999 3142 libratam
1042 3120 1071 3164 s

177 3166 244 3231 Pro
267 3166 467 3232 diversorum
491 3166 645 3251 qualitate
669 3164 798 3250 quidem
821 3165 1036 3229 meritorum?

177 3252 242 3318 Vel
264 3253 335 3339 quis
357 3252 441 3318 forte
463 3253 529 3318 mei
551 3258 627 3317 tunc
649 3257 793 3338 apponet
814 3250 970 3329 misereri,

179 3338 262 3403 Cum
283 3341 339 3404 vix
362 3361 421 3426 pro
443 3340 566 3405 meritis
588 3341 690 3404 instrue
712 3339 855 3403 saluatur
877 3357 896 3402 o
920 3337 1015 3401 imis?

175 3424 262 3490 Nam
284 3424 403 3492 Christi
426 3426 565 3511 genitrix
587 3426 734 3510 caelique
757 3429 873 3511 potens
895 3358 1090 3488 Aominatrix

176 3512 332 3577 Flaminis
355 3519 453 3599 atque
476 3513 558 3576 sacri
581 3513 738 3597 templum
760 3512 829 3576 sine
851 3510 947 3576 sorde
969 3530 1145 3592 coruscum,

177 3598 273 3664 Haec
295 3598 411 3664 eadem
433 3599 525 3683 virgo
548 3604 658 3685 partus
681 3603 756 3684 post
777 3597 897 3684 gaudia
919 3604 1018 3675 casta,

178 3684 272 3759 Quae
294 3693 381 3751 retro
404 3686 567 3750 conversis
589 3685 695 3749 fuerat
717 3685 886 3749 mitissima
908 3684 1029 3749 cunctis

175 3773 287 3858 Atque
309 3773 359 3837 sui
380 3772 510 3838 dulcem
533 3792 707 3857 numquam
730 3770 838 3835 tardat
860 3771 1027 3857 pietatem,

154 3944 205 3998 145
216 3946 346 3997 cessatM
411 3943 616 4013 152pertsser1
683 3945 732 3998 168
745 3943 965 3998 tineudd.0elter
1035 3940 1208 3995 169subdM

61 4015 116 4070 170
133 4016 186 4068 sub
204 4016 293 4066 limine
311 4015 415 4080 Haupt:
432 4015 571 4068 sublimine
587 4034 627 4081 oq.
715 4013 765 4066 172
783 4016 909 4066 ducturus
926 4030 970 4065 ero
987 4010 1046 4076 (ric)
1066 4010 1100 4061 AI

152 4171 205 4227 150
213 4190 266 4240 sqq.
278 4175 313 4241 cf.
332 4172 447 4239 Tbeopt.
457 4176 510 4226 398
518 4190 580 4240 sqq„
597 4173 660 4223 Bas.
673 4176 704 4225 13
712 4189 748 4238 rq.
762 4175 808 4225 139
819 4169 923 4235 (mrsu.
933 4174 972 4236 18,
984 4168 1036 4234 23).
1107 4167 1156 4222 161
1169 4171 1203 4235 cf.

60 4242 432 4382 ltlwlfftltta
459 4238 1204 4376 ”ratumtetrameter

1018 4391 1050 4447 5*
