2910 5024
527 345 540 399 Ι
557 347 583 398 4.
601 344 737 413 Pelagius.

169 519 234 583 Vel
257 518 344 605 quod
367 517 529 602 Pelagius,
553 514 671 581 Christi
694 539 751 603 pro
776 520 850 602 lege
872 516 1047 600 necandus,

170 606 271 670 Forte
294 606 401 669 locum
424 608 561 689 peteret,
587 625 650 688 quo
674 626 709 668 se
732 606 828 668 morti
851 603 928 667 dare
951 613 1062 689 posset

171 692 308 757 Necnon
331 693 543 776 sanguineum
567 711 624 774 pro
649 689 775 754 Christo
800 691 936 754 fundere
960 691 1073 771 rivum,

169 779 356 865 Inpendeus
377 779 517 841 animam
540 775 680 856 domino,
705 779 788 840 bene
812 783 915 840 morte
939 778 1071 862 piatam.

213 867 392 950 Postquam
415 886 474 928 rex
496 863 611 926 urbem
634 864 742 947 tetigit
765 885 880 927 saevus
903 863 1112 950 locupletem,

171 952 309 1016 Portans
331 953 533 1037 praeclarum
557 951 641 1013 iusta
664 951 705 1013 de
729 958 828 1034 gente
851 950 1059 1036 triumphum,

168 1039 261 1103 Ilicet
286 1038 455 1123 egregium
480 1035 598 1099 Christi
620 1038 787 1121 praecepit
811 1037 948 1100 amicum

171 1124 318 1190 Carceris
340 1126 373 1188 iu
396 1123 548 1188 tenebras
570 1124 711 1187 vinctum
734 1124 943 1208 submergere
966 1124 1075 1207 nigras

173 1211 370 1296 Deliciisque
394 1211 466 1274 cibo
489 1211 643 1273 nutritum
667 1231 801 1295 pascere
825 1230 934 1295 parvo.

215 1296 369 1362 Corduba
391 1316 531 1381 nemque
554 1297 660 1359 locum
684 1305 792 1360 servat
815 1297 874 1361 sub
897 1296 1018 1360 fornice
1044 1304 1172 1377 tetrum,

175 1383 319 1448 Oblitum
342 1386 421 1448 lucis
444 1383 732 1467 consignatumque
756 1383 909 1462 tenebris,

173 1469 315 1535 Maxima
339 1472 393 1556 qui
415 1471 540 1533 miseris
563 1469 666 1532 fertur·
688 1470 757 1532 fore
782 1490 878 1534 causa
901 1468 1029 1533 doloris.

173 1555 241 1622 lllic
265 1559 419 1641 Pelagius
441 1557 649 1642 praepollens
672 1558 761 1640 pacis
784 1557 931 1619 alumnus

175 1641 352 1726 Clauditur,
375 1645 510 1728 imperio
533 1643 619 1725 regis
643 1649 780 1726 cogente
804 1642 955 1706 nefando.
1200 1660 1312 1727 fotae*

174 1728 242 1794 Illic
266 1750 345 1815 ergo
368 1731 428 1793 viri
451 1737 609 1793 venerunt
632 1729 745 1794 sedulo
769 1730 873 1814 primi,

175 1815 346 1882 Mulcendo
370 1822 512 1879 mentem
535 1816 658 1879 iuvenis
682 1837 779 1879 causa
802 1816 942 1901 pietatis.

173 1989 309 2055 Necnon
331 1989 513 2074 praedulcis
536 1995 720 2072 gustassent
741 1989 840 2074 ipsius
864 1989 927 2051 oris

174 2076 320 2141 Verbula
342 2077 524 2139 rhetoricae
548 2076 725 2138 circumlita
749 2075 844 2139 melle
868 2074 1029 2159 loquelae,

172 2161 340 2249 Optabant
363 2163 504 2247 speciem
528 2162 639 2225 vinclis
663 2162 833 2225 absolvere
857 2163 967 2243 talem,

169 2248 265 2314 Haec
288 2256 322 2313 et
345 2254 514 2312 suaserunt
536 2249 606 2333 regi
628 2248 691 2310 iam
716 2255 843 2332 sceptra
866 2247 989 2311 tenenti
1012 2283 1052 2291 —

169 2335 283 2422 Ipsum
307 2336 409 2399 felicis
432 2342 520 2399 certe
544 2355 703 2397 summum
726 2343 822 2419 caput
845 2335 933 2398 urbis

174 2422 369 2509 Conuptum
391 2423 476 2486 vitiis
500 2421 741 2505 cognoscebant
765 2420 938 2484 Sodomitis

172 2510 347 2574 Formosos
369 2509 452 2571 facie
476 2509 609 2572 iuvenes
633 2508 786 2571 ardenter
808 2529 917 2572 amare

171 2596 242 2661 Hos
265 2605 299 2660 et
323 2597 483 2659 amicitiae
506 2595 657 2678 propriae
681 2595 876 2678 coniungere
900 2595 1002 2667 velle;

171 2682 276 2747 Huius
298 2702 438 2766 namque
462 2683 509 2744 rei
533 2701 704 2757 memores,
728 2682 835 2743 auimo
859 2683 1024 2745 miseranti

174 2768 280 2833 Causa
304 2769 430 2852 Pelagii
453 2774 622 2831 suaserunt
645 2769 722 2830 talia
744 2769 826 2851 regi:

217 2855 302 2920 ‘Non
323 2855 418 2919 decet
441 2875 518 2938 ergo
536 2860 635 2933 tuum,
659 2855 807 2938 princeps
822 2854 1004 2931 fortissime,
1029 2861 1200 2939 sceptrum,

173 2941 307 3006 Duriter
328 2947 365 3005 ut
387 2962 522 3026 puerum
544 2940 679 3003 mandes
703 2941 815 3024 punire
839 2939 1003 3017 decorum,

175 3028 306 3092 Obsidis
330 3035 363 3092 et
386 3036 516 3091 teneros
538 3028 671 3090 insontis
695 3027 852 3110 stringere
876 3046 1002 3090 nervos.

173 3113 251 3179 Eius
274 3114 491 3201 praenitidam
515 3114 615 3178 velles
638 3114 665 3176 ai
689 3133 821 3176 cernere
844 3112 981 3175 formam

174 3200 217 3265 Et
240 3209 306 3265 tam
330 3201 488 3265 mellitam
512 3201 626 3263 saltem
651 3208 782 3282 gustare
806 3198 980 3282 loquelam,

174 3286 279 3360 Quem
304 3309 440 3373 cuperes
462 3289 612 3350 iuvenem
635 3287 764 3350 tibimet
787 3286 982 3368 coniungere
1006 3284 1115 3352 talem.

174 3373 285 3438 Gradu
309 3376 443 3438 militiae
467 3394 592 3437 necnon
616 3393 780 3435 assumere
804 3373 938 3456 primae,

174 3459 220 3525 Co
263 3482 318 3524 ore
343 3460 512 3524 candidulo
536 3459 594 3522 tibi
618 3480 681 3544 quo
706 3460 843 3521 serviret
864 3460 897 3522 in
919 3457 1023 3522 aula!³

251 3550 278 3611 is
301 3568 360 3611 rex
383 3548 524 3611 mollitus
548 3546 650 3624 dictis,
673 3546 734 3608 hac
757 3566 837 3609 voce
862 3552 1003 3623 coactus,

175 3635 273 3698 Iussit
297 3635 467 3718 Pelagium
490 3632 582 3696 nodis
606 3633 747 3696 evellere
772 3631 858 3695 duris

175 3721 345 3804 Omneque
371 3719 468 3804 <euml
493 3721 623 3783 lavacro
648 3739 763 3804 corpus
787 3718 959 3802 detergere
983 3736 1075 3801 puro,

690 3846 791 3853 *-
1100 3837 1202 3845 ----

148 3923 207 3978 port
232 3933 255 3964 c.
280 3911 331 3964 199
354 3929 455 3963 certum
478 3912 636 3962 intercidisse
657 3911 782 3960 intellexit
806 3909 886 3960 Celtae
908 3909 971 3972 (Qui
995 3924 1055 3958 cum
1079 3906 1204 3958 vidissent

127 3997 169 4033 nm
181 3984 249 4050 capti
262 3981 420 4102 speciosum)
490 3979 542 4031 202
560 3981 695 4031 obsoluere
708 3979 742 4028 Μ
807 3976 860 4029 205
877 3980 937 4029 nilis
955 3978 983 4026 iu
1001 3977 1067 4028 uciis
1085 3993 1153 4027 corr.
1166 3975 1205 4056 M,

127 4070 133 4104 r
145 4053 178 4117 ρ’
299 4050 321 4100 ll
341 4053 478 4118 coningere
496 4050 530 4099 Μ
619 4047 672 4100 219
689 4047 818 4101 Condecet
835 4047 878 4096 Μι
964 4044 1017 4097 290
1034 4062 1094 4097 curn
1111 4044 1205 4096 addidi

154 4204 204 4257 184
218 4208 251 4272 cf.
267 4205 323 4256 Pel.
334 4207 390 4255 332.
456 4202 504 4255 191
519 4203 553 4269 cs.
568 4202 644 4252 Dicit.
656 4206 709 4252 166.
775 4197 825 4250 193
837 4202 872 4266 cs.
885 4198 968 4249 Prad.
981 4199 1146 4262 ereplr.5,241
1152 4215 1204 4264 sqq.

134 4277 169 4342 cf.
190 4275 258 4341 Αφι,
272 4279 325 4325 117.
338 4278 395 4325 314.
465 4271 515 4323 207
534 4272 734 4336 euphemiamun
751 4272 786 4336 cs.
804 4269 866 4318 aaa.
884 4269 920 4318 ad
936 4268 1008 4318 Mar.
1021 4272 1061 4329 82,
1080 4277 1104 4320 et
1121 4267 1204 4318 Prud.

127 4346 236 4408 i.11,16
253 4361 319 4410 qnos
339 4343 457 4409 propriae
475 4343 560 4393 iunxit
576 4342 705 4392 amicitiae
724 4340 769 4402 (ec.
791 4338 926 4401 Cbriaunj.
