2910 5024
547 340 603 396 14.
623 339 759 411 Priapos.

192 511 276 576 ‘Non
298 513 390 595 latet,
412 513 548 598 imperio
571 533 667 598 reges
690 513 898 579 succumbere
920 522 1041 596 nostro,

93 615 104 654 ⁵
188 597 311 663 Vivere
333 605 515 663 nostrarum
536 621 662 665 necnon
684 600 905 665 moderamine
927 602 1037 685 legum

189 684 325 765 Omnes,
349 707 489 751 oceanus
512 693 628 769 gentes
651 707 730 771 quas
754 688 865 750 circuit
887 689 980 751 altus.

188 770 260 836 Sed
283 793 367 858 quae
391 771 546 836 Gallicios
568 774 687 837 retinet
708 772 826 837 fiducia
849 780 969 859 captos,

184 857 321 941 Nescio,
344 860 504 944 medelae
526 867 680 945 respuant
703 866 739 922 ut
761 859 895 924 foedera
917 867 1046 925 nostrae

183 943 232 1008 ut
255 944 389 1010 tandem
413 947 532 1010 veteris
555 947 619 1010 siut
640 947 758 1031 ingrati
780 948 919 1032 piatatis.

183 1030 317 1112 Restat,
341 1040 377 1095 ut
398 1033 530 1096 armatis
552 1041 739 1118 repetamus
762 1034 881 1118 quippe
903 1033 1033 1098 lacertis

188 1116 357 1200 Gallicios,
380 1119 492 1182 hostes
515 1120 667 1203 agitando
690 1120 774 1183 forte
796 1120 946 1198 rebelles,

187 1203 306 1270 Donec
329 1225 373 1270 ex
390 1206 512 1284 nostris
535 1208 626 1269 strati
652 1227 711 1292 per
734 1207 864 1271 saecula
886 1207 959 1271 telis

188 1289 287 1355 Inviti
309 1293 427 1355 nostris
451 1293 651 1356 summittant
675 1292 757 1357 colla
780 1294 927 1357 catenis!²

234 1377 330 1442 Haec
375 1386 523 1463 estquam
545 1380 645 1442 iactat
660 1400 855 1464 causamque
878 1379 944 1443 doli
959 1377 1172 1460 memorabat,

191 1464 289 1528 Iussit
311 1399 456 1530 collectis
479 1466 594 1550 vulgus
618 1486 807 1530 concurrere
830 1467 952 1547 turmis,
1071 1457 1077 1468 ’

190 1552 362 1615 Armorum
384 1552 481 1615 variis
502 1553 691 1616 instructum
715 1551 855 1636 denique
878 1554 986 1635 signis,

190 1637 350 1722 Pergeret
372 1645 407 1701 ut
429 1646 561 1723 gentem
585 1659 695 1702 secum
718 1637 829 1702 delere
852 1638 993 1722 fidelem,

192 1723 405 1810 Ostentatque
429 1746 521 1789 suum
543 1732 707 1809 gemmato
730 1724 854 1790 casside
876 1726 1009 1807 vultum,

190 1811 313 1875 Ferrea
335 1811 462 1875 lascivis
484 1812 641 1896 inponens
664 1813 810 1896 tegmina
831 1812 994 1876 membris.

192 1897 262 1961 Tali
286 1918 423 1982 cumque
446 1898 553 1962 locum
576 1904 705 1983 peteret
727 1918 847 1984 pompa
869 1907 1083 1964 memoratum

191 1982 233 2047 Et
255 1990 387 2069 gentem
411 1984 514 2068 primo
538 1990 714 2070 temptarat
737 1984 876 2069 denique
899 1985 997 2065 bello,

191 2070 357 2156 Extimplo
380 2077 505 2134 tantum
528 2072 659 2135 sortitur
680 2091 819 2155 namque
842 2072 1049 2157 triumphum,

192 2156 234 2220 Ut
255 2157 320 2220 iam
343 2157 394 2221 bis
416 2178 510 2221 senos
531 2179 595 2221 una
618 2179 691 2222 cum
714 2159 858 2243 principe
882 2166 994 2244 captos

190 2242 249 2307 Illa
273 2250 351 2308 neat
373 2245 518 2325 comites,
542 2244 619 2308 artis
642 2245 832 2329 stringitque
856 2247 987 2310 catenis.

230 2265 292 2394 AEs
314 2350 484 2415 procerum
508 2329 655 2416 dampnis
678 2351 796 2416 magna
818 2331 947 2396 feritate
970 2332 1101 2419 paratis,
1212 2345 1259 2411 fol.
1271 2348 1323 2395 41¹

192 2414 297 2481 Cessit
319 2418 405 2480 victa
425 2418 492 2481 suis
514 2416 669 2481 fidissima
691 2438 772 2502 gens
793 2417 939 2499 inimicis,

192 2502 345 2568 Subditur
367 2510 465 2588 atque
488 2505 564 2588 iugo
587 2505 732 2589 perversi
754 2505 840 2588 regis
861 2505 984 2590 iniqu03

190 2588 279 2654 'lunc
301 2596 483 2654 restaurato
505 2611 614 2654 rursus
638 2612 765 2676 quoque
788 2589 921 2655 foedare
945 2593 1058 2678 primo,

189 2675 281 2741 Loris
304 2676 484 2760 procedunt
506 2677 605 2742 vincti
629 2679 763 2742 comites
786 2677 928 2742 duodeni

190 2761 268 2827 Cum
293 2764 482 2849 concaptivo
506 2764 581 2827 vieti
603 2768 728 2828 rectore
751 2764 882 2849 popelli.

192 2848 253 2922 Qui
276 2850 369 2913 citius
391 2850 504 2914 vinclis
527 2849 742 2914 dissolvuntur
764 2851 923 2930 resolutis,

190 2935 342 3022 Exempti
364 2937 515 3022 propriae
538 2937 643 3022 pretio
665 2957 766 3021 gazae
789 2957 972 3018 numerose,

192 3022 256 3087 Sed
279 3022 369 3086 ducis
392 3030 442 3087 est
464 3024 603 3108 pretium
625 3023 713 3087 iussu
735 3025 822 3107 regis
845 3022 1054 3109 duplicatum,

190 3107 281 3173 Ultra
305 3129 401 3194 quam
425 3110 563 3195 propriis
584 3115 697 3194 posset
719 3110 905 3195 persolvere
928 3111 1031 3194 gauis;

190 3194 335 3281 Cumque
357 3196 406 3259 sui
429 3216 526 3260 eausa
547 3197 618 3280 regi
640 3195 784 3260 deferret
805 3217 914 3277 avaro,

190 3281 348 3368 Quicquid
370 3282 493 3346 habere
517 3281 603 3346 domi
626 3283 757 3348 sibimet
778 3283 883 3346 suevit
904 3283 1047 3368 pretiosi,

189 3367 274 3433 Casu
297 3367 435 3434 condicti
456 3390 591 3454 parvum
615 3369 691 3454 quid
715 3369 817 3433 defuit
839 3370 918 3435 auri.

188 3453 284 3528 Quod
307 3476 367 3519 rex
382 3457 570 3536 sentiscens,
592 3455 740 3520 fraudem
756 3476 883 3541 quoque
906 3461 1015 3520 mente
1030 3456 1212 3538 revolvens,

185 3539 279 3606 Dixit
300 3542 386 3606 nolle
411 3541 526 3606 ducem
549 3543 668 3628 populo
693 3542 855 3606 dimittere
879 3542 1017 3623 dulcem,

93 3631 96 3660 '
183 3625 227 3692 Ni
250 3629 340 3714 prius
362 3627 516 3692 indictum
540 3629 637 3715 plens
660 3630 765 3694 solvat
788 3629 848 3693 sibi
871 3650 1003 3694 censum
1025 3664 1068 3675 —

184 3712 261 3779 Non
284 3715 395 3779 sitiens
419 3721 543 3779 tantum
566 3716 672 3801 pretii,
696 3716 783 3801 quod
807 3715 919 3796 defuit,
943 3736 1066 3797 aurum,

186 3799 350 3874 Quantum
372 3810 532 3866 rectorem
554 3803 666 3888 populi
688 3804 788 3886 gestit
810 3802 888 3866 dare
911 3803 1015 3867 morti.

231 3886 292 3953 Oui
314 3888 422 3952 fuerat
442 3896 538 3952 natus
560 3889 717 3974 praeclari
740 3890 893 3974 germinis
914 3910 996 3952 unus

189 3972 284 4040 Omni
306 3974 489 4060 praenitida
512 3982 698 4060 compostus
721 3996 759 4040 co
801 3997 856 4040 ore
880 3976 992 4054 forma,

187 4058 327 4126 Nomine
350 4062 510 4146 Pelagius,
534 4063 658 4126 formae
681 4063 774 4147 splen
798 4082 854 4126 crs
878 4061 1023 4139 decorus,

93 4304 114 4356 d
158 4260 216 4320 loa
233 4269 376 4321 succubans
394 4266 440 4328 M,·
457 4269 492 4334 es.
509 4268 563 4318 iad.
583 4267 695 4334 orthogr.
767 4266 817 4319 134
834 4284 912 4334 gazas
931 4267 1005 4334 M¹p²
1076 4265 1126 4319 136
1142 4269 1211 4332 Quq·

145 4325 202 4386 N:
219 4338 332 4399 eona&
350 4338 385 4404 cs.
403 4336 457 4388 ind.
473 4353 583 4403 gramm.
672 4333 724 4388 143
740 4337 792 4401 Qui
810 4335 853 4386 11ι
