2910 5024
250 383 285 437 82
611 376 872 434 nnousvlrnsu
890 376 1018 434 OPERA.

265 578 290 618 c
361 552 488 633 Omnia,
512 571 595 638 quae
617 559 710 616 rates
732 550 773 615 de
796 572 848 616 me
872 550 985 615 dixere
1006 549 1140 636 priores.

358 642 404 704 At
426 659 509 702 nunc
531 637 684 721 ascendo,
707 639 829 703 cinctus
851 638 968 702 virtute
992 642 1138 723 paterna,

357 723 410 790 Ad
433 730 558 811 patrem
581 726 684 790 victor
706 745 865 790 summum
888 744 986 810 super
1007 721 1121 789 aethra
1144 725 1305 794 locatum.

358 810 425 876 Sed
446 833 510 877 uon
533 810 655 876 turbari
677 810 783 877 cordis
805 810 952 895 rogitabo
975 808 1080 876 tidelis

356 898 466 963 Vestri
489 905 659 980 secretum,
684 898 759 985 quia
782 919 846 962 non
868 918 926 961 vos
948 896 1033 962 forte
1055 897 1238 983 relinquam

357 983 427 1049 Ceu
449 984 613 1050 desolatos
635 986 668 1049 in
689 984 809 1049 mundo
832 1004 973 1069 namque
997 1004 1041 1069 pn
1064 984 1153 1048 illos:

357 1071 447 1137 Sacri
469 1072 641 1157 gratiolam
664 1071 756 1136 robis
779 1070 838 1134 ssd
860 1070 997 1134 flaminis
1053 1091 1140 1135 mam

357 1157 514 1223 Emittam
538 1159 642 1239 citius,
665 1178 749 1243 quae
771 1178 829 1222 ros
853 1176 964 1222 verum
987 1156 1083 1222 docet
1106 1158 1208 1230 intus;

354 1244 492 1330 Insuper
513 1246 583 1330 ipse
607 1244 677 1309 dies
698 1244 865 1309 vobiscum
887 1243 1010 1308 seilicet
1032 1264 1146 1308 omues
1392 1247 1449 1314 sat:

355 1330 531 1396 Finetenus
554 1351 669 1396 maneo
693 1329 803 1395 mundi
825 1350 885 1416 per
907 1337 1055 1415 tempora
1077 1328 1216 1396 cuncta‘

263 1441 288 1481 rr
401 1417 499 1488 Haec¹
516 1418 573 1482 ubi
595 1417 681 1483 diota
704 1416 804 1499 dedit,
827 1436 1000 1482 conuersus
1023 1415 1098 1482 deni
1121 1437 1164 1481 ue
1187 1414 1274 1481 dixit

358 1503 412 1569 Ad
433 1512 572 1571 matrem
594 1505 758 1590 propriam
780 1509 950 1568 mausueta
972 1524 1052 1568 voce
1109 1504 1229 1568 arism:

355 1589 436 1656 ‘Neo
459 1592 664 1668 contristeris,
690 1591 807 1676 rogito,
830 1590 1018 1676 virguncula
1040 1597 1141 1673 easta,

358 1676 440 1743 Cum
463 1699 516 1743 me
538 1678 724 1764 praecelsos
745 1675 859 1742 videas
881 1676 1058 1742 ascendere
1081 1677 1202 1757 caelos,

358 1762 406 1829 Te
430 1765 505 1851 quia
527 1766 729 1852 praeclaram
751 1763 863 1829 mundi
885 1784 949 1828 uon
971 1764 1081 1849 linquo
1104 1765 1272 1829 lucernum

361 1854 469 1938 Atque
493 1872 601 1917 meum
623 1859 768 1916 sunctum
792 1852 934 1935 migrans
955 1871 1021 1914 non
1044 1849 1160 1916 desero
1184 1847 1349 1934 templum

358 1936 428 2004 Neo
449 1940 667 2025 incorruptam
689 1940 775 2003 ritae
799 1936 925 2002 dimitto
948 1957 1112 2015 coronam,

359 2025 472 2090 Inveni
494 2027 597 2090 solam
620 2045 698 2111 prae
722 2025 842 2089 cunctis
865 2029 898 2088 te
922 2025 997 2110 quia
1019 2030 1141 2089 castam

359 2111 626 2198 Condignsmque
649 2131 757 2175 meum
780 2131 897 2196 corpus
918 2130 1093 2196 generasse
1116 2115 1294 2175 sacratum.

360 2197 468 2280 Certe,
491 2198 533 2264 de
556 2197 675 2263 mundo
700 2219 772 2263 oum
795 2204 828 2262 te
852 2196 1020 2262 discedere
1044 2196 1172 2274 mando,

362 2284 415 2349 Ad
437 2291 470 2349 te
494 2285 664 2351 caelicolas
686 2305 750 2349 non
773 2285 877 2349 solum
899 2284 991 2348 mitto
1015 2290 1174 2365 cateruas,

359 2372 376 2436 I
399 2391 436 2435 se
459 2371 518 2436 sed
540 2371 718 2436 adveniens
741 2372 880 2436 animam
903 2391 1027 2435 sumam
1049 2370 1256 2436 benedictam

392 2459 495 2522 ultum
517 2460 586 2524 sole
610 2458 740 2545 quidem
763 2458 906 2522 rutilanti
929 2457 1193 2544 splendidiorem,

358 2544 493 2610 Necnon
515 2545 670 2629 angelicis
692 2542 866 2609 deductam
889 2545 1030 2609 suaviter
1051 2545 1179 2630 hymnis

360 2631 457 2697 Ocius
479 2632 670 2716 astrigeram
692 2652 812 2718 ponam
835 2638 1028 2696 veneranter
1050 2632 1082 2695 in
1105 2632 1223 2697 aulam.

363 2720 407 2783 At
429 2739 513 2783 nunc
536 2718 716 2784 Iohannem
738 2725 846 2783 tecum
868 2738 1037 2783 remanere
1059 2717 1190 2783 fidelem

359 2805 501 2891 Impero,
524 2807 579 2890 qui
601 2806 737 2890 gemmis
760 2805 864 2889 fulget
885 2804 971 2869 bene
992 2805 1193 2889 virginitatis,

358 2891 405 2956 Ut
426 2898 482 2956 tua
503 2893 569 2956 vita
592 2893 696 2977 magis
719 2891 924 2978 praefulgeat
946 2892 1075 2976 inclyta,
1099 2894 1196 2958 castis

363 2978 501 3064 Saepius
524 2979 690 3080 obsequiis
713 2977 910 3044 circumdata
934 2977 1148 3063 virginitatis?

405 3065 498 3131 Ilicet
521 3066 685 3151 engehcus
709 3064 871 3130 dicentem
895 3065 973 3128 talia
995 3072 1108 3129 coetus

361 3151 376 3215 I
400 3173 470 3217 sum
494 3151 665 3217 dulcisonis
687 3151 823 3217 laudans
846 3150 1058 3216 circumdedit
1078 3151 1216 3237 hymnis,

388 3244 401 3302 t
423 3260 514 3305 mona
537 3241 718 3325 contegitur
740 3239 847 3304 subito
870 3259 942 3303 cum
964 3239 1050 3303 nube
1073 3258 1199 3305 sereno.

359 3323 564 3390 Conveniunt
584 3326 649 3390 illio
671 3332 818 3391 veterum
841 3326 935 3390 cunei
959 3345 1087 3412 quoque
1110 3331 1221 3392 ratum
1392 3330 1441 3398 [οἱ.

358 3410 449 3475 Inter
471 3432 551 3499 quos
574 3411 699 3478 medius
721 3411 829 3477 David
850 3433 910 3476 rex
933 3412 1073 3496 psallere
1096 3410 1211 3478 doctm

358 3496 499 3563 Oantans
522 3499 554 3563 in
577 3499 718 3585 cytharis
739 3499 887 3564 hortatur
909 3497 1027 3563 talibus
1050 3499 1145 3564 orsis:

254 3607 290 3647 ιω
361 3582 493 3650 ‘Netum
516 3586 667 3650 caelestis
691 3586 806 3651 solium
828 3585 960 3671 petiisse
983 3585 1136 3671 parentis,

337 3792 371 3846 66
394 3795 521 3847 descendo
543 3795 574 3846 Μ
595 3793 627 3858 (d
644 3813 696 3862 pro
718 3796 746 3862 a)
850 3794 882 3847 tl
909 3796 1018 3846 flammis
1042 3794 1076 3845 Μ
1176 3792 1212 3846 80
1233 3795 1337 3848 doute
1360 3795 1396 3847 1

251 3859 444 3916 8omittcn1¹
540 3862 785 3918 Stmmmsmw
884 3862 1392 3932 elmosteclt;acn00·9.m

252 3930 320 3994 (cruit.
338 3932 408 3998 om),
427 3932 483 3985 Pet.
497 3938 544 3986 190
629 3933 664 3986 96
681 3953 749 3986 mors
767 3934 800 3985 Μ
850 3932 951 4015 urano]
972 3936 1006 4002 cs.
1024 3950 1119 4000 appar.
1139 3933 1176 3984 ud
1194 3934 1277 4001 θοις.
1290 3938 1339 3987 m

338 4104 417 4173 eosq.
435 4108 469 4173 es.
490 4106 546 4157 Ich
564 4111 702 4171 eo.20,17.
772 4107 867 4174 osaqq.
886 4109 921 4174 cs.
940 4104 997 4159 1012.
1010 4123 1046 4158 eo.
1060 4105 1388 4173 14,1.18.2d(=16‚”l

252 4170 334 4240 terp.
353 4177 388 4242 cs.
405 4174 602 4237 ΜοαΜῌΟ.
675 4174 707 4227 ’Π
726 4188 749 4230 et
766 4195 798 4229 ne
816 4175 1135 4243 mquidemcouvioteria
1152 4177 1388 4244 nonnagint-

252 4242 373 4308 &eaput
389 4243 436 4310 (cs.
456 4263 478 4296 c.
492 4245 546 4308 68).
626 4244 721 4312 ttoqq.
739 4252 774 4314 cs.
793 4247 893 4308 datter,
913 4245 1065 4298 seculae
1081 4262 1107 4298 a.
1126 4245 1253 4301 more
1270 4246 1388 4299 uem

247 4314 491 4449 5134'32321'
581 4312 616 4366 82
642 4317 676 4381 cs.
700 4314 771 4369 Μαν.
786 4320 843 4370 434.
937 4313 1016 4380 eosq,
1044 4315 1079 4380 cs.
1108 4315 1165 4368 Ich.
1191 4332 1228 4370 ec.
1248 4320 1287 4381 1⁹,
1302 4318 1382 4382 mg.

305 4397 340 4434 e.
415 4385 476 4435 .2.
