2910 5024
551 336 620 391 114.
639 335 785 392 Abrabam.

637 506 696 574 IV.

300 627 471 692 LAPSUS
494 628 551 693 ΕΤ
576 627 833 695 OONVERSIO
855 630 1031 696 MARIAE

273 713 432 779 NEPTIS
454 714 709 780 HABRAHAE
731 715 1058 783 HEREMIOOLAE

182 837 282 904 quae,
313 819 371 884 ubi
392 818 458 883 XX
488 838 588 882 annos
617 818 793 883 solitariam
816 821 916 885 vitam
947 822 1028 906 egit,
1054 821 1058 905 Ι
1084 829 1234 909 corrupta

180 905 367 1055 ffiitoartio
385 905 556 1056 1ειιίιὲιὶοιιΙιιέιι
537 906 739 1056 tuiipemsteil
747 912 781 969 et
804 907 1014 1058 cortitulpernio
1029 911 1235 1060 meretricffi

182 1013 338 1142 Abrahcae
361 1014 515 1160 monitisni
533 1041 623 1142 illam
645 995 705 1143 ¹sub
722 1013 874 1143 amalidrsris
897 1013 1233 1167 speepppupuapppptpsl
1264 1017 1278 1055 ὅ

181 1163 328 1245 reducta,
354 1165 448 1248 larga
470 1164 627 1228 effusione
649 1164 854 1229 lacrimarum
874 1167 879 1246 Ι
899 1167 1113 1254 continuaque
1138 1188 1234 1234 exer-

182 1251 336 1314 citatione
366 1251 573 1330 ieiuniorum,
604 1251 786 1336 vigiliarum
818 1258 916 1337 atque
949 1254 1132 1319 orationum
1152 1254 1157 1339 Ι
1176 1276 1236 1342 per

182 1337 316 1401 vicenos
339 1357 440 1401 annos
463 1336 650 1401 emundavit
670 1338 814 1400 maculas
837 1339 1013 1406 criminum.
1034 1340 1039 1424 Ι

414 1594 581 1659 ΑΒιιιιιιιιι.
625 1593 762 1658 Errnsu.
807 1592 928 1665 Mnamt
1253 1623 1279 1663 ro

183 1714 350 1779 Anniana.
396 1713 503 1794 Tune,
531 1713 631 1778 frater
653 1719 687 1777 et
709 1714 909 1779 coheremita
930 1714 1068 1797 Effrem,
1091 1737 1235 1783 commo·

133 1821 174 1866 un
204 1800 294 1864 ducis
322 1820 415 1864 meae
448 1799 553 1865 adhuc
575 1820 693 1864 vacare
716 1801 981 1878 confabulationi,
1002 1805 1084 1884 lan,
1112 1805 1235 1890 quoad-

133 1907 203 1974 rque
226 1886 352 1951 divinas
376 1886 510 1973 expleas
533 1886 656 1967 laudes,
680 1907 733 1950 me
755 1887 803 1951 vis
825 1888 1035 1974 praestolari?
1055 1891 1061 1971 Ι

184 1973 322 2037 Errnsu.
367 1972 558 2036 Nostrorum
582 1972 801 2037 confabulatio
824 1975 916 2058 laius
944 1973 1044 2039 debet
1071 1995 1143 2040 esse
1166 1978 1236 2042 lau-

133 2060 196 2140 rtio,
211 2059 214 2143 Ι
230 2059 285 2144 qui
307 2079 343 2124 se
366 2060 572 2144 congregatis
596 2059 629 2122 in
651 2079 710 2122 suo
733 2060 863 2124 nomine
877 2060 881 2144 Ι
894 2060 1038 2126 medium
1060 2063 1234 2150 spopondit
1255 2089 1278 2126 ra

133 2149 353 2297 barmim
387 2230 475 2295 Nihil
498 2230 586 2295 alind
608 2232 773 2295 locuturus
795 2232 928 2314 accessi,
942 2231 946 2317 Ι
959 2233 1020 2297 nisi
1043 2233 1130 2320 quod
1153 2233 1234 2299 diri-

133 2339 159 2384 e
183 2318 343 2382 voluntati
362 2319 367 2400 Ι
386 2338 451 2381 ιιοιι
473 2318 581 2381 nescio
605 2316 803 2382 concordari.
824 2320 828 2398 Ι

184 2403 323 2468 Essnsu.
359 2403 468 2477 Quare
483 2423 545 2467 nec
560 2402 602 2467 ad
617 2409 818 2467 momentum
834 2401 965 2489 quidem
980 2425 1033 2469 me
1049 2405 1215 2487 subtraho,
1230 2406 1233 2490 Ι

133 2491 155 2556 d
178 2497 236 2555 tuo
260 2489 390 2555 affectui
412 2495 517 2553 totum
540 2488 635 2554 dedo.
656 2491 661 2572 Ι
1254 2517 1280 2557 ιι

183 2577 352 2642 Asanam.
398 2575 560 2649 Quiddam
590 2575 751 2660 agendum
781 2575 859 2639 mihi
889 2579 1061 2639 exaestuat
1086 2584 1206 2660 mente,
1231 2579 1234 2662 Ι

150 2682 218 2750 quo
243 2668 333 2727 tuum
354 2663 439 2727 velle
460 2670 464 2738 Ι
484 2663 565 2728 meis
587 2662 670 2726 votis
694 2668 814 2746 exopto
837 2660 1045 2746 respondere.
1066 2664 1071 2743 Ι

185 2748 327 2814 Errasti.
363 2749 397 2813 si
413 2768 511 2813 unum
534 2769 589 2812 cor
603 2768 730 2834 unaque
746 2747 840 2812 nobis
863 2748 970 2811 anima
984 2747 1114 2813 iubetur
1129 2770 1211 2833 esse,
1231 2751 1235 2836 Ι

133 2857 188 2902 em
212 2835 298 2900 velle
318 2838 323 2918 Ι
343 2835 494 2921 idemque
518 2835 663 2920 cogimur
684 2835 779 2898 nolle.
800 2841 805 2909 1

186 2921 354 2986 Aannunu.
398 2921 458 2985 Est
486 2922 564 2985 mibi
591 2921 698 3006 neptis
726 2920 857 3000 tenella,
878 2919 882 3002 Ι
901 2919 1066 3004 utriusque
1092 2922 1236 3020 parentis
1253 2945 1285 2984 aa

134 3009 259 3073 lamine
283 3007 446 3088 destituta,
460 3006 463 3092 Ι
478 3009 511 3071 in
534 3029 631 3093 quam
653 3027 712 3092 pro
729 3006 952 3091 compassione
976 3006 1122 3070 orbitatrs
1137 3007 1235 3072 nimio

133 3094 225 3159 fectu
249 3093 348 3159 duooi
367 3096 372 3179 Ι
392 3095 480 3159 cuius
502 3115 544 3158 ue
568 3114 665 3158 causa
687 3094 838 3158 continua
853 3090 1067 3156 sollicitudine
1083 3093 1212 3178 fatigor.
1230 3093 1234 3180 Ι

177 3179 325 3350 dlilppnsu.
370 3180 414 3245 Et
436 3115 512 3266 quid
535 3180 608 3262 tibi,
639 3178 853 3265 triumphator
874 3177 1004 3260 saeculi,
1025 3179 1030 3261 Ι
1050 3199 1123 3243 cum
1154 3181 1236 3244 curis
1254 3201 1301 3267 for,
1315 3203 1382 3252 102³

133 3287 176 3329 un
214 3317 220 3329 .

186 3354 352 3417 Acarnan.
396 3351 435 3416 Id
464 3351 588 3415 scilicet
616 3371 707 3432 curo,
737 3370 778 3415 ne
805 3351 952 3414 inmensa
980 3351 1049 3413 eius
1079 3352 1236 3417 serenitas
1255 3366 1280 3402 ³⁰

133 3437 344 3503 ulchritudinis
364 3441 369 3516 Ι
388 3439 521 3503 alicuius
544 3437 730 3502 obfuscetur
753 3435 848 3501 sorde
872 3437 1149 3521 coinquinationis.
1170 3442 1174 3520 Ι

188 3523 322 3589 Errnsn.
366 3523 560 3589 Huiusmodi
583 3544 660 3588 cura
679 3527 684 3604 Ι
704 3524 730 3587 si
753 3529 802 3588 est
824 3522 1045 3608 vituperanda.
1067 3526 1071 3604 Ι

194 3611 355 3675 nonium.
401 3611 514 3696 Spero.

195 3694 327 3761 llsrnsu.
372 3696 471 3762 Cuius
495 3703 545 3761 est
567 3696 705 3760 aetatis?

197 3888 328 3941 mmm.
365 3888 532 3942 loonnemio
549 3888 577 3939 in
594 3904 647 3938 raa.
668 3886 701 3937 M
779 3884 854 3952 8aq;
872 3884 905 3935 Μ
985 3883 1017 3936 12
1036 3887 1239 3939 confabulationi

133 3962 202 4002 ”Mt
216 3957 257 4008 ll.-
274 3960 376 4010 ccwcoei
463 3955 685 4024 13posto1aril1
767 3954 801 4007 34
818 3955 911 4007 aetatis
928 3955 964 4006 sic
982 3954 1016 4005 Μ

133 4039 410 4064 N—

194 4110 328 4164 Amulu.
365 4111 397 4163 11
415 4114 451 4180 cs.
470 4113 549 4180 Passa
563 4116 634 4175 10,1,
712 4110 745 4164 15
763 4107 799 4175 cf.
819 4110 910 4161 Most.
925 4113 967 4173 18,
977 4113 1012 4162 20
1029 4111 1074 4162 nbi
1092 4112 1160 4163 enim
1177 4118 1238 4162 sunt

133 4182 160 4217 ω
178 4178 218 4227 '01
234 4191 285 4234 tres
303 4184 497 4250 congregatim
510 4183 613 4234 nominc
630 4197 694 4243 meo,
713 4181 751 4231 ibi
769 4197 827 4231 sum
843 4182 871 4231 in
890 4180 972 4231 medio
989 4196 1085 4232 eorum.
1155 4178 1190 4232 23
1202 4183 1237 4247 cs.

133 4242 155 4284 '²
174 4255 255 4307 “Post
266 4255 332 4316 4,32
349 4252 521 4303 multitudinis
533 4259 619 4303 autom
637 4251 796 4302 credentium
808 4257 862 4301 crat
879 4265 922 4300 cor
937 4266 1017 4301 unum
1037 4259 1062 4301 et
1073 4250 1159 4301 anima
1171 4268 1235 4313 una;

133 4308 171 4365 ³⁰,
191 4313 379 4382 Spartacum
396 4322 443 4372 der
460 4320 555 4372 Rumor
572 4338 599 4370 ιι.
613 4322 654 4371 83.
745 4317 780 4370 30
797 4314 830 4380 cs.
849 4317 949 4368 Doler
967 4318 1013 4380 §n

1033 4401 1083 4444 10*
