2910 5024
536 370 592 425 13.
615 369 776 441 Goayolsus.

189 543 292 625 Tune,
316 543 372 630 qui
394 564 459 608 nou
481 544 575 630 gnari
597 543 726 608 merant
747 543 774 607 si
821 543 828 558 ‘
852 544 1040 629 venerandi,

235 630 323 696 Olim
347 630 490 695 iaotmus
513 628 601 716 quod
622 629 683 694 fuit
705 629 777 694 altit
817 650 906 712 onus,

181 714 426 804 Blasphamare
450 715 566 782 ducem
588 717 694 781 taoitis
717 736 857 801 ooepare
881 718 1017 782 susurris

232 802 278 868 Ilt
300 804 433 890 pietatis
455 824 537 890 opus
559 823 714 890 spomere
737 822 798 867 eeu
820 802 953 869 facinus.

188 991 336 1074 Credite,
359 1014 423 1058 uon
445 994 577 1058 latuisse
602 993 712 1058 dolum
756 994 864 1058 ietatis
886 994 1077 1077 homullum,

232 1077 300 1144 Sed
321 1100 400 1144 mox
421 1078 536 1145 nudari
558 1080 704 1145 olanoula
727 1015 814 1145 <ficta
836 1080 907 1145 sibi.

195 1164 258 1238 Qui
282 1164 373 1231 dedit
395 1172 510 1252 arguto
533 1187 649 1231 vocem
671 1173 748 1231 timo
770 1187 888 1253 nempe
910 1167 1032 1253 palato,

234 1251 296 1316 Hie
317 1252 490 1340 verbisque
514 1274 589 1318 suos
612 1253 786 1340 alloquitur
808 1255 927 1319 eooioe:

190 1335 269 1403 ‘Cur
290 1339 380 1420 libet,
405 1360 423 1405 o
447 1340 535 1421 sooii,
557 1346 686 1404 vosmet
708 1340 959 1426 reprehendere,
983 1340 1058 1422 cari,

236 1425 314 1490 Plus
337 1426 421 1490 iusto
443 1426 552 1491 verbis
574 1446 627 1491 ma
650 1427 729 1490 satis
750 1427 890 1491 illicitis?

194 1510 299 1576 Causa
321 1513 489 1593 stultitiae,
512 1511 667 1594 dieentes,
690 1533 743 1577 me
766 1513 916 1579 tribuisse

235 1597 392 1663 Nummos
414 1600 526 1685 ignoto
550 1606 771 1686 extraneoque
794 1601 874 1682 viro,

195 1684 247 1749 lle
270 1705 408 1750 vacuum
430 1687 512 1750 tanti
534 1687 715 1772 meritoque
739 1684 851 1750 dolere
874 1689 982 1754 luoelli

233 1771 277 1835 ut
298 1772 384 1837 bene
407 1773 542 1836 meroati
564 1778 678 1858 utpote
701 1773 857 1852 fonticuli,

193 1857 318 1923 Dextra
341 1879 401 1924 oeu
423 1860 564 1945 propria,
592 1880 707 1924 oensus
730 1866 780 1923 est
804 1880 886 1946 quae
910 1862 964 1946 pie
987 1861 1089 1948 larga,

232 1944 357 2009 Aurum
380 1966 439 2032 pro
464 1945 557 2010 donis
578 1947 606 2011 si
629 1944 775 2010 dederim
798 1947 946 2011 minimis.

192 2030 263 2096 Non
287 2029 393 2110 decet,
415 2032 476 2097 hoo
498 2033 614 2096 nostris
636 2032 729 2097 vobis
751 2034 928 2098 reserarier
950 2035 1039 2112 orsis,

235 2116 321 2191 Quid
343 2118 422 2182 velit
444 2117 566 2183 addioti
588 2139 685 2184 eausa
708 2119 769 2184 sibi
791 2120 902 2205 pratii;

193 2203 320 2268 Montes
343 2204 402 2268 sad
425 2211 528 2270 motas
549 2211 695 2291 praestat
717 2226 914 2290 oomponere
937 2213 1072 2289 vestras,

233 2290 277 2355 Et
299 2311 390 2375 rogo,
412 2293 552 2377 parcatis
575 2293 693 2356 talibus
717 2292 875 2377 alloquiis,

190 2375 216 2441 E
238 2376 395 2463 vobisque
418 2379 520 2442 virum
545 2385 639 2442 cauto
661 2399 745 2443 nuno
768 2378 890 2444 eredita
913 2400 1059 2464 gnarum,

229 2463 363 2528 Emissis
386 2465 491 2529 ventis
512 2465 706 2550 aeribusque
730 2466 831 2549 vagis,
1214 2475 1327 2541 fotam

191 2548 235 2614 Ut
257 2551 322 2615 iam
346 2557 505 2616 semotum
529 2552 622 2616 eitius
645 2551 824 2637 repetendo
847 2553 998 2618 locellum

230 2635 372 2718 Lustrat,
395 2639 422 2702 si
444 2658 529 2702 vena
551 2638 695 2702 ioutiouli
717 2638 840 2723 liquida

188 2721 279 2789 More
302 2743 361 2787 suo
384 2725 480 2788 flores
502 2725 588 2789 inter
608 2725 694 2790 bena
716 2726 936 2790 multioolores

229 2809 419 2896 Perstrapat
440 2811 599 2875 undisono
620 2832 784 2876 murmure
808 2833 867 2897 per
889 2812 1021 2894 lubrica,

188 2894 277 2960 Turro
299 2903 400 2981 patet,
423 2898 478 2961 ille
501 2897 598 2962 luoris
620 2918 692 2963 sese
715 2899 742 2963 si
763 2899 863 2963 iaotat
885 2899 927 2963 ab
949 2901 1011 2963 illis

228 2982 379 3048 Rusticus
402 2982 571 3066 ambobus,
595 3005 648 3048 me
670 3005 773 3049 vacuo
796 2984 947 3071 penitus.²

113 3137 126 3177 a
188 3119 284 3184 Haeo
306 3126 478 3269 postquam
502 3127 672 3202 memorat,
696 3121 812 3186 cursim
836 3119 968 3207 quidam
992 3123 1169 3207 remeabat,

141 3221 148 3238 ·
228 3205 355 3270 Tantae
402 3227 526 3271 menso
550 3205 658 3293 adque
681 3208 754 3272 riae
777 3209 882 3292 spatio

186 3290 317 3451 09811110
323 3293 542 3444 fpraeruptum
564 3292 905 3445 lassusdpervlplplithad
927 3315 1050 3396 arvum,

181 3464 256 3529 Nou
280 3385 742 3552 tamaiumgxtiffiltoopzffibirtg
765 3401 1087 3554 qualmssispffliriosus

114 3583 116 3608 ·
229 3550 348 3636 Attigit
370 3553 477 3618 atrioli
499 3552 611 3618 limina
632 3554 784 3640 florigeri,

182 3637 337 3789 Applicat
358 3639 494 3740 inpexis·
509 3640 601 3705 iuxta
616 3639 682 3742 sed
703 3661 740 3706 se
762 3640 896 3742 paliuris

257 3745 360 3790 eonon
382 3726 513 3790 hrrsutrs
534 3727 687 3813 veprrbus
709 3733 743 3792 et
764 3726 900 3809 trrbuhs,

158 3879 209 3935 141
221 3883 324 3935 Credite
336 3883 379 3934 M:
392 3885 506 3943 sonui·
517 3887 551 3952 os.
560 3902 675 3950 prooem.
735 3885 785 3938 148
797 3893 957 3951 amansque
969 3883 1003 3934 Μ
1061 3881 1111 3935 149
1123 3884 1210 3937 dolore

114 3969 210 4036 ‘evasa'
223 3952 305 4004 alas
356 3953 445 4005 lucelli
462 3954 499 4005 sic
516 3954 562 4013 M,·
579 3973 612 4006 c.
632 3955 686 4006 inu
705 3956 770 4007 verb.
848 3955 896 4006 151
914 3956 1029 4007 Dextera
1046 3953 1093 4004 M.-
1108 3954 1210 4006 oorrooea‘

114 4023 459 4144 :aessrtmsslewffwmiffi
477 4023 596 4145 &ligatam
613 4023 733 4144 Boralezb:
750 4023 937 4146 emm
1007 4021 1066 4145 116628
1079 4039 1211 4160 phqrppqu

114 4159 305 4226 limpsxisl!

158 4296 208 4351 141
227 4302 263 4366 of.
276 4299 331 4351 1²01.
344 4304 398 4351 179.
471 4298 521 4352 158
532 4297 652 4352 ‘emolit
667 4297 714 4351 mit
732 4298 848 4351 Voraiolst
859 4317 909 4351 arsa
920 4299 984 4351 estol
995 4300 1069 4353 anea
1156 4299 1161 4311 '

114 4376 323 4433 mmmm,
343 4369 469 4420 naeldem
487 4370 529 4421 ihr
546 4387 607 4422 ew
624 4369 745 4436 windiqea
760 4368 848 4422 ΨΜ
865 4369 926 4421 taor
942 4370 1040 4436 seam
1057 4363 1153 4421 Μ’
